<?xml version="1.0" encoding="UTF-8"?>
<!DOCTYPE html PUBLIC "-//W3C//DTD XHTML 1.0 Transitional//EN"
    "http://www.w3.org/TR/xhtml1/DTD/xhtml1-transitional.dtd">
<html xmlns="http://www.w3.org/1999/xhtml" xml:lang="en" lang="en">
 <head>
  <title>
</title>
<meta http-equiv="Content-Type" content="text/html;charset=utf-8" />
  <meta name='ocr-system' content='tesseract 3.04.00' />
  <meta name='ocr-capabilities' content='ocr_page ocr_carea ocr_par ocr_line ocrx_word'/>
</head>
<body>
  <div class='ocr_page' id='page_1' title='image "./expositiogenera00pohlgoog_0013.png"; bbox 0 0 4316 5416; ppageno 0'>
   <div class='ocr_carea' id='block_1_1' title="bbox 636 1061 1769 1580">
    <p class='ocr_par' dir='ltr' id='par_1_1' title="bbox 636 1061 1769 1580">
     <span class='ocr_line' id='line_1_1' title="bbox 636 1061 1769 1228; baseline 0.004 -50"><span class='ocrx_word' id='word_1_1' title='bbox 636 1067 766 1186; x_wconf 80' lang='lat' dir='ltr'>Pa</span> <span class='ocrx_word' id='word_1_2' title='bbox 824 1105 936 1182; x_wconf 86' lang='lat' dir='ltr'>rs</span> <span class='ocrx_word' id='word_1_3' title='bbox 993 1083 1225 1228; x_wconf 60' lang='lat' dir='ltr'>‘seso</span> <span class='ocrx_word' id='word_1_4' title='bbox 1281 1061 1610 1226; x_wconf 82' lang='lat' dir='ltr'>unda.</span> <span class='ocrx_word' id='word_1_5' title='bbox 1722 1069 1769 1204; x_wconf 57' lang='lat' dir='ltr'><strong><em>J</em></strong></span> 
     </span>
     <span class='ocr_line' id='line_1_2' title="bbox 640 1427 1469 1580; baseline 0.006 -45"><span class='ocrx_word' id='word_1_6' title='bbox 640 1509 643 1520; x_wconf 55' lang='grc' dir='ltr'>ι</span> <span class='ocrx_word' id='word_1_7' title='bbox 701 1575 703 1580; x_wconf 23' lang='grc' dir='ltr'>Ι</span> <span class='ocrx_word' id='word_1_8' title='bbox 823 1461 1071 1538; x_wconf 79' lang='lat' dir='ltr'>Animalia</span> <span class='ocrx_word' id='word_1_9' title='bbox 1106 1427 1412 1562; x_wconf 73' lang='lat' dir='ltr'>vertebrato·¹</span> <span class='ocrx_word' id='word_1_10' title='bbox 1460 1455 1469 1472; x_wconf 76' lang='grc'><strong><em>’</em></strong></span> 
     </span>
    </p>
   </div>
   <div class='ocr_carea' id='block_1_2' title="bbox 995 1657 1130 1788">
    <p class='ocr_par' dir='ltr' id='par_1_2' title="bbox 995 1657 1130 1788">
     <span class='ocr_line' id='line_1_3' title="bbox 995 1657 1130 1788; baseline 0 0"><span class='ocrx_word' id='word_1_11' title='bbox 995 1777 999 1788; x_wconf 79' lang='lat'>.</span> <span class='ocrx_word' id='word_1_12' title='bbox 1081 1657 1130 1738; x_wconf 33' lang='grc' dir='ltr'>Ι..</span> 
     </span>
    </p>
   </div>
   <div class='ocr_carea' id='block_1_3' title="bbox 319 1867 1903 2015">
    <p class='ocr_par' dir='ltr' id='par_1_3' title="bbox 319 1867 1903 2015">
     <span class='ocr_line' id='line_1_4' title="bbox 319 1867 1903 2015; baseline 0.007 -35"><span class='ocrx_word' id='word_1_13' title='bbox 319 1867 478 1986; x_wconf 81' lang='lat' dir='ltr'>Eadem</span> <span class='ocrx_word' id='word_1_14' title='bbox 505 1912 712 2003; x_wconf 75' lang='lat' dir='ltr'>methodus,</span> <span class='ocrx_word' id='word_1_15' title='bbox 740 1937 835 2012; x_wconf 85' lang='lat' dir='ltr'>quac</span> <span class='ocrx_word' id='word_1_16' title='bbox 858 1887 1105 2005; x_wconf 75' lang='lat' dir='ltr'>successivam</span> <span class='ocrx_word' id='word_1_17' title='bbox 1125 1887 1382 1988; x_wconf 73' lang='lat' dir='ltr'>evolutionem</span> <span class='ocrx_word' id='word_1_18' title='bbox 1377 1930 1627 2014; x_wconf 83' lang='lat' dir='ltr'>systematum</span> <span class='ocrx_word' id='word_1_19' title='bbox 1643 1917 1903 2015; x_wconf 81' lang='lat' dir='ltr'>organicorum</span> 
     </span>
    </p>
   </div>
   <div class='ocr_carea' id='block_1_4' title="bbox 202 2034 1903 2156">
    <p class='ocr_par' dir='ltr' id='par_1_4' title="bbox 202 2034 1903 2156">
     <span class='ocr_line' id='line_1_5' title="bbox 202 2034 1903 2156; baseline 0.004 -47"><span class='ocrx_word' id='word_1_20' title='bbox 202 2123 204 2127; x_wconf 23' lang='grc' dir='ltr'>Ι</span> <span class='ocrx_word' id='word_1_21' title='bbox 321 2037 456 2111; x_wconf 88' lang='lat' dir='ltr'>clarius</span> <span class='ocrx_word' id='word_1_22' title='bbox 484 2034 729 2124; x_wconf 87' lang='lat' dir='ltr'>demonstrat,</span> <span class='ocrx_word' id='word_1_23' title='bbox 750 2034 995 2108; x_wconf 88' lang='lat' dir='ltr'>ascendendo</span> <span class='ocrx_word' id='word_1_24' title='bbox 1022 2061 1185 2148; x_wconf 73' lang='lat' dir='ltr'>nempp</span> <span class='ocrx_word' id='word_1_25' title='bbox 1191 2039 1238 2110; x_wconf 88' lang='lat' dir='ltr'>ab</span> <span class='ocrx_word' id='word_1_26' title='bbox 1265 2040 1504 2146; x_wconf 82' lang='lat' dir='ltr'>inferioribus</span> <span class='ocrx_word' id='word_1_27' title='bbox 1542 2043 1589 2114; x_wconf 84' lang='lat' dir='ltr'>ed</span> <span class='ocrx_word' id='word_1_28' title='bbox 1616 2044 1840 2156; x_wconf 83' lang='lat' dir='ltr'>superiora,</span> <span class='ocrx_word' id='word_1_29' title='bbox 1865 2063 1903 2116; x_wconf 90' lang='lat' dir='ltr'>et</span> 
     </span>
    </p>
   </div>
   <div class='ocr_carea' id='block_1_5' title="bbox 317 2135 1901 2398">
    <p class='ocr_par' dir='ltr' id='par_1_5' title="bbox 317 2135 1901 2380">
     <span class='ocr_line' id='line_1_6' title="bbox 317 2135 1901 2316; baseline 0.008 -90"><span class='ocrx_word' id='word_1_30' title='bbox 317 2157 380 2229; x_wconf 90' lang='lat' dir='ltr'>hic</span> <span class='ocrx_word' id='word_1_31' title='bbox 405 2157 501 2228; x_wconf 84' lang='lat' dir='ltr'>viam</span> <span class='ocrx_word' id='word_1_32' title='bbox 519 2155 644 2228; x_wconf 88' lang='lat' dir='ltr'>nohis</span> <span class='ocrx_word' id='word_1_33' title='bbox 655 2158 842 2246; x_wconf 86' lang='lat' dir='ltr'>ostendit,</span> <span class='ocrx_word' id='word_1_34' title='bbox 870 2183 944 2255; x_wconf 87' lang='lat' dir='ltr'>qua</span> <span class='ocrx_word' id='word_1_35' title='bbox 969 2145 1184 2255; x_wconf 84' lang='lat' dir='ltr'>incipiendo</span> <span class='ocrx_word' id='word_1_36' title='bbox 1204 2187 1224 2234; x_wconf 89' lang='lat' dir='ltr'>a</span> <span class='ocrx_word' id='word_1_37' title='bbox 1227 2135 1408 2262; x_wconf 78' lang='lat' dir='ltr'>piscibus</span> <span class='ocrx_word' id='word_1_38' title='bbox 1438 2163 1484 2238; x_wconf 89' lang='lat' dir='ltr'>ad</span> <span class='ocrx_word' id='word_1_39' title='bbox 1502 2167 1649 2263; x_wconf 87' lang='lat' dir='ltr'>reptilia</span> <span class='ocrx_word' id='word_1_40' title='bbox 1667 2165 1901 2316; x_wconf 80' lang='lat' dir='ltr'>transgressi,</span> 
     </span>
     <span class='ocr_line' id='line_1_7' title="bbox 320 2280 1152 2398; baseline 0 -44"><span class='ocrx_word' id='word_1_41' title='bbox 320 2280 408 2354; x_wconf 89' lang='lat' dir='ltr'>dein</span> <span class='ocrx_word' id='word_1_42' title='bbox 427 2282 474 2356; x_wconf 91' lang='lat' dir='ltr'>ad</span> <span class='ocrx_word' id='word_1_43' title='bbox 492 2305 578 2394; x_wconf 80' lang='lat' dir='ltr'>aves</span> <span class='ocrx_word' id='word_1_44' title='bbox 595 2299 635 2355; x_wconf 90' lang='lat' dir='ltr'>et</span> <span class='ocrx_word' id='word_1_45' title='bbox 661 2283 864 2398; x_wconf 85' lang='lat' dir='ltr'>mammslia</span> <span class='ocrx_word' id='word_1_46' title='bbox 888 2282 1152 2380; x_wconf 81' lang='lat' dir='ltr'>pervenimus.</span> 
     </span>
    </p>
   </div>
   <div class='ocr_carea' id='block_1_6' title="bbox 1087 2490 1176 2568">
    <p class='ocr_par' dir='ltr' id='par_1_6' title="bbox 983 2443 1248 2578">
     <span class='ocr_line' id='line_1_8' title="bbox 1087 2490 1176 2568; baseline 0.008 -117.215"><span class='ocrx_word' id='word_1_47' title='bbox 1087 2490 1176 2568; x_wconf 67' lang='grc' dir='ltr'><em>Π</em></span> 
     </span>
    </p>
   </div>
   <div class='ocr_carea' id='block_1_7' title="bbox 974 2675 1461 2776">
    <p class='ocr_par' dir='ltr' id='par_1_7' title="bbox 974 2675 1461 2776">
     <span class='ocr_line' id='line_1_9' title="bbox 974 2675 1461 2776; baseline 0.008 -32"><span class='ocrx_word' id='word_1_48' title='bbox 974 2675 1241 2773; x_wconf 73' lang='lat' dir='ltr'>Pisces.</span> <span class='ocrx_word' id='word_1_49' title='bbox 1336 2675 1368 2698; x_wconf 67' lang='lat'><strong>⁵</strong></span> <span class='ocrx_word' id='word_1_50' title='bbox 1456 2767 1461 2776; x_wconf 15' lang='grc' dir='ltr'><strong>ἡ</strong></span> 
     </span>
    </p>
   </div>
   <div class='ocr_carea' id='block_1_8' title="bbox 211 2877 2001 4820">
    <p class='ocr_par' dir='ltr' id='par_1_8' title="bbox 211 2877 2001 4818">
     <span class='ocr_line' id='line_1_10' title="bbox 416 2877 1901 2980; baseline 0 -28"><span class='ocrx_word' id='word_1_51' title='bbox 416 2884 584 2980; x_wconf 76' lang='lat' dir='ltr'>Magnae·</span> <span class='ocrx_word' id='word_1_52' title='bbox 601 2879 907 2969; x_wconf 64' lang='lat' dir='ltr'>duae²familise,</span> <span class='ocrx_word' id='word_1_53' title='bbox 933 2879 1057 2975; x_wconf 89' lang='lat' dir='ltr'>pisces</span> <span class='ocrx_word' id='word_1_54' title='bbox 1084 2904 1217 2976; x_wconf 85' lang='lat' dir='ltr'>nempe</span> <span class='ocrx_word' id='word_1_55' title='bbox 1247 2877 1347 2952; x_wconf 87' lang='lat' dir='ltr'>ossei</span> <span class='ocrx_word' id='word_1_56' title='bbox 1374 2895 1412 2952; x_wconf 84' lang='lat' dir='ltr'>et</span> <span class='ocrx_word' id='word_1_57' title='bbox 1439 2877 1825 2977; x_wconf 79' lang='lat' dir='ltr'>cartilaginei„quaa</span> <span class='ocrx_word' id='word_1_58' title='bbox 1845 2879 1901 2952; x_wconf 91' lang='lat' dir='ltr'>di·</span> 
     </span>
     <span class='ocr_line' id='line_1_11' title="bbox 315 2998 1898 3102; baseline 0.001 -27"><span class='ocrx_word' id='word_1_59' title='bbox 315 3001 410 3075; x_wconf 81' lang='lat' dir='ltr'>visio</span> <span class='ocrx_word' id='word_1_60' title='bbox 438 2999 624 3098; x_wconf 82' lang='lat' dir='ltr'>generalis</span> <span class='ocrx_word' id='word_1_61' title='bbox 651 3002 702 3076; x_wconf 91' lang='lat' dir='ltr'>ad·</span> <span class='ocrx_word' id='word_1_62' title='bbox 725 3021 903 3076; x_wconf 85' lang='lat' dir='ltr'>nostrum.</span> <span class='ocrx_word' id='word_1_63' title='bbox 919 3025 1075 3099; x_wconf 82' lang='lat' dir='ltr'>scopum</span> <span class='ocrx_word' id='word_1_64' title='bbox 1101 2998 1261 3087; x_wconf 82' lang='lat' dir='ltr'>sufficit,</span> <span class='ocrx_word' id='word_1_65' title='bbox 1288 3023 1371 3074; x_wconf 90' lang='lat' dir='ltr'>oum</span> <span class='ocrx_word' id='word_1_66' title='bbox 1398 3003 1451 3080; x_wconf 69' lang='lat' dir='ltr'>in,</span> <span class='ocrx_word' id='word_1_67' title='bbox 1465 3021 1661 3102; x_wconf 86' lang='lat' dir='ltr'>systemate</span> <span class='ocrx_word' id='word_1_68' title='bbox 1688 3026 1898 3092; x_wconf 84' lang='lat' dir='ltr'>nervorum,</span> 
     </span>
     <span class='ocr_line' id='line_1_12' title="bbox 317 3119 1898 3244; baseline 0 -48"><span class='ocrx_word' id='word_1_69' title='bbox 317 3123 498 3197; x_wconf 84' lang='lat' dir='ltr'>cerebrali</span> <span class='ocrx_word' id='word_1_70' title='bbox 527 3151 645 3224; x_wconf 83' lang='lat' dir='ltr'>acque</span> <span class='ocrx_word' id='word_1_71' title='bbox 671 3131 725 3200; x_wconf 88' lang='lat' dir='ltr'>ac&#39;</span> <span class='ocrx_word' id='word_1_72' title='bbox 741 3119 905 3226; x_wconf 79' lang='lat' dir='ltr'>spirali,</span> <span class='ocrx_word' id='word_1_73' title='bbox 923 3145 1001 3200; x_wconf 82' lang='lat' dir='ltr'>tum</span> <span class='ocrx_word' id='word_1_74' title='bbox 1027 3128 1067 3200; x_wconf 90' lang='lat' dir='ltr'>in</span> <span class='ocrx_word' id='word_1_75' title='bbox 1093 3125 1264 3203; x_wconf 67' lang='lat' dir='ltr'>sensibus</span> <span class='ocrx_word' id='word_1_76' title='bbox 1292 3127 1427 3224; x_wconf 67' lang='lat' dir='ltr'>magna</span> <span class='ocrx_word' id='word_1_77' title='bbox 1446 3150 1535 3244; x_wconf 85' lang='lat' dir='ltr'>prae</span> <span class='ocrx_word' id='word_1_78' title='bbox 1555 3149 1595 3199; x_wconf 89' lang='lat' dir='ltr'>se</span> <span class='ocrx_word' id='word_1_79' title='bbox 1612 3123 1739 3199; x_wconf 82' lang='lat' dir='ltr'>ferunt</span> <span class='ocrx_word' id='word_1_80' title='bbox 1765 3123 1898 3198; x_wconf 86' lang='lat' dir='ltr'>discri-</span> 
     </span>
     <span class='ocr_line' id='line_1_13' title="bbox 312 3237 1987 3348; baseline 0.001 -28"><span class='ocrx_word' id='word_1_81' title='bbox 312 3247 431 3337; x_wconf 86' lang='lat' dir='ltr'>mina,</span> <span class='ocrx_word' id='word_1_82' title='bbox 458 3249 498 3320; x_wconf 91' lang='lat' dir='ltr'>in</span> <span class='ocrx_word' id='word_1_83' title='bbox 522 3247 651 3324; x_wconf 84' lang='lat' dir='ltr'>auditu</span> <span class='ocrx_word' id='word_1_84' title='bbox 680 3275 782 3348; x_wconf 88' lang='lat' dir='ltr'>prae</span> <span class='ocrx_word' id='word_1_85' title='bbox 797 3249 931 3322; x_wconf 88' lang='lat' dir='ltr'>ceteris</span> <span class='ocrx_word' id='word_1_86' title='bbox 959 3237 1162 3323; x_wconf 75' lang='lat' dir='ltr'>manifesta</span> <span class='ocrx_word' id='word_1_87' title='bbox 1219 3252 1262 3320; x_wconf 90' lang='lat' dir='ltr'>In</span> <span class='ocrx_word' id='word_1_88' title='bbox 1289 3249 1461 3322; x_wconf 88' lang='lat' dir='ltr'>omnibus</span> <span class='ocrx_word' id='word_1_89' title='bbox 1488 3239 1704 3320; x_wconf 86' lang='lat' dir='ltr'>constanter</span> <span class='ocrx_word' id='word_1_90' title='bbox 1730 3248 1896 3323; x_wconf 84' lang='lat' dir='ltr'>videmus</span> <span class='ocrx_word' id='word_1_91' title='bbox 1942 3284 1944 3294; x_wconf 94' lang='lat'><em>·</em></span> <span class='ocrx_word' id='word_1_92' title='bbox 1985 3245 1987 3252; x_wconf 73' lang='grc'><strong>’</strong></span> 
     </span>
     <span class='ocr_line' id='line_1_14' title="bbox 314 3361 1898 3494; baseline -0.003 -46"><span class='ocrx_word' id='word_1_93' title='bbox 314 3371 449 3494; x_wconf 83' lang='lat' dir='ltr'>corpus</span> <span class='ocrx_word' id='word_1_94' title='bbox 475 3374 570 3450; x_wconf 87' lang='lat' dir='ltr'>illud</span> <span class='ocrx_word' id='word_1_95' title='bbox 596 3374 787 3466; x_wconf 84' lang='lat' dir='ltr'>durum,</span> <span class='ocrx_word' id='word_1_96' title='bbox 776 3403 817 3448; x_wconf 89' lang='lat' dir='ltr'>m</span> <span class='ocrx_word' id='word_1_97' title='bbox 842 3376 960 3478; x_wconf 85' lang='lat' dir='ltr'>sepiis</span> <span class='ocrx_word' id='word_1_98' title='bbox 985 3361 1059 3472; x_wconf 76' lang='lat' dir='ltr'>jam</span> <span class='ocrx_word' id='word_1_99' title='bbox 1084 3374 1394 3472; x_wconf 87' lang='lat' dir='ltr'>praeformatum,</span> <span class='ocrx_word' id='word_1_100' title='bbox 1412 3372 1573 3471; x_wconf 88' lang='lat' dir='ltr'>proprio</span> <span class='ocrx_word' id='word_1_101' title='bbox 1600 3369 1749 3448; x_wconf 83' lang='lat' dir='ltr'>sa‘cculo</span> <span class='ocrx_word' id='word_1_102' title='bbox 1779 3373 1898 3450; x_wconf 87' lang='lat' dir='ltr'>inclu-</span> 
     </span>
     <span class='ocr_line' id='line_1_15' title="bbox 314 3490 1897 3601; baseline -0.002 -29"><span class='ocrx_word' id='word_1_103' title='bbox 314 3524 416 3586; x_wconf 86' lang='lat' dir='ltr'>sum,</span> <span class='ocrx_word' id='word_1_104' title='bbox 442 3497 671 3572; x_wconf 86' lang='lat' dir='ltr'>substantiae</span> <span class='ocrx_word' id='word_1_105' title='bbox 699 3498 758 3573; x_wconf 84' lang='lat' dir='ltr'>vel</span> <span class='ocrx_word' id='word_1_106' title='bbox 783 3497 950 3597; x_wconf 86' lang='lat' dir='ltr'>lapideae</span> <span class='ocrx_word' id='word_1_107' title='bbox 969 3501 1037 3574; x_wconf 86' lang='lat' dir='ltr'>vel</span> <span class='ocrx_word' id='word_1_108' title='bbox 1055 3505 1171 3601; x_wconf 80' lang='lat' dir='ltr'>magis</span> <span class='ocrx_word' id='word_1_109' title='bbox 1197 3490 1354 3574; x_wconf 80' lang='lat' dir='ltr'>friabilis</span> <span class='ocrx_word' id='word_1_110' title='bbox 1391 3510 1602 3586; x_wconf 86' lang='lat' dir='ltr'>cretaceae,</span> <span class='ocrx_word' id='word_1_111' title='bbox 1636 3522 1791 3570; x_wconf 88' lang='lat' dir='ltr'>numero</span> <span class='ocrx_word' id='word_1_112' title='bbox 1818 3523 1897 3570; x_wconf 89' lang='lat' dir='ltr'>non</span> 
     </span>
     <span class='ocr_line' id='line_1_16' title="bbox 312 3621 2001 3726; baseline -0.002 -31"><span class='ocrx_word' id='word_1_113' title='bbox 312 3621 471 3721; x_wconf 82' lang='lat' dir='ltr'>amphus</span> <span class='ocrx_word' id='word_1_114' title='bbox 478 3621 644 3726; x_wconf 75' lang='lat' dir='ltr'>simplex,</span> <span class='ocrx_word' id='word_1_115' title='bbox 666 3641 704 3694; x_wconf 92' lang='lat' dir='ltr'>et</span> <span class='ocrx_word' id='word_1_116' title='bbox 725 3621 934 3696; x_wconf 85' lang='lat' dir='ltr'>distinctius</span> <span class='ocrx_word' id='word_1_117' title='bbox 954 3651 1151 3696; x_wconf 89' lang='lat' dir='ltr'>nervorum</span> <span class='ocrx_word' id='word_1_118' title='bbox 1171 3647 1291 3694; x_wconf 88' lang='lat' dir='ltr'>ramos</span> <span class='ocrx_word' id='word_1_119' title='bbox 1302 3635 1519 3726; x_wconf 76' lang='lat' dir='ltr'>suscrprens</span> <span class='ocrx_word' id='word_1_120' title='bbox 1544 3625 1689 3695; x_wconf 86' lang='lat' dir='ltr'>Nervus</span> <span class='ocrx_word' id='word_1_121' title='bbox 1711 3623 1897 3693; x_wconf 78' lang='lat' dir='ltr'>seusticus</span> <span class='ocrx_word' id='word_1_122' title='bbox 1996 3649 2001 3656; x_wconf 90' lang='lat'><strong>·</strong></span> 
     </span>
     <span class='ocr_line' id='line_1_17' title="bbox 312 3727 1894 3842; baseline 0.002 -30"><span class='ocrx_word' id='word_1_123' title='bbox 312 3729 479 3813; x_wconf 83' lang='lat' dir='ltr'>nondum</span> <span class='ocrx_word' id='word_1_124' title='bbox 492 3741 631 3815; x_wconf 83' lang='lat' dir='ltr'>directe</span> <span class='ocrx_word' id='word_1_125' title='bbox 643 3768 687 3814; x_wconf 83' lang='lat' dir='ltr'>ex</span> <span class='ocrx_word' id='word_1_126' title='bbox 699 3744 873 3834; x_wconf 90' lang='lat' dir='ltr'>cerebro,</span> <span class='ocrx_word' id='word_1_127' title='bbox 901 3744 968 3817; x_wconf 85' lang='lat' dir='ltr'>sed</span> <span class='ocrx_word' id='word_1_128' title='bbox 981 3769 1024 3816; x_wconf 84' lang='lat' dir='ltr'>ex</span> <span class='ocrx_word' id='word_1_129' title='bbox 1034 3737 1329 3842; x_wconf 70' lang='lat' dir='ltr'>pare&#39;trigemino</span> <span class='ocrx_word' id='word_1_130' title='bbox 1339 3745 1455 3818; x_wconf 83' lang='lat' dir='ltr'>oritur</span> <span class='ocrx_word' id='word_1_131' title='bbox 1466 3771 1478 3837; x_wconf 75' lang='lat'>5</span> <span class='ocrx_word' id='word_1_132' title='bbox 1497 3741 1641 3817; x_wconf 91' lang='lat' dir='ltr'>accedit</span> <span class='ocrx_word' id='word_1_133' title='bbox 1660 3727 1894 3816; x_wconf 45' lang='lat' dir='ltr'>alterssAece·</span> 
     </span>
     <span class='ocr_line' id='line_1_18' title="bbox 211 3849 1947 3964; baseline -0.001 -27"><span class='ocrx_word' id='word_1_134' title='bbox 211 3849 214 3856; x_wconf 40' lang='lat'>¹</span> <span class='ocrx_word' id='word_1_135' title='bbox 313 3863 407 3937; x_wconf 91' lang='lat' dir='ltr'>dunt</span> <span class='ocrx_word' id='word_1_136' title='bbox 426 3862 573 3938; x_wconf 86' lang='lat' dir='ltr'>canales</span> <span class='ocrx_word' id='word_1_137' title='bbox 592 3865 882 3940; x_wconf 87' lang='lat' dir='ltr'>semicirculares</span> <span class='ocrx_word' id='word_1_138' title='bbox 894 3869 1164 3943; x_wconf 80' lang='lat' dir='ltr'>membranacei</span> <span class='ocrx_word' id='word_1_139' title='bbox 1181 3889 1255 3943; x_wconf 88' lang='lat' dir='ltr'>tres</span> <span class='ocrx_word' id='word_1_140' title='bbox 1265 3899 1278 3964; x_wconf 78' lang='lat'>3</span> <span class='ocrx_word' id='word_1_141' title='bbox 1305 3895 1479 3944; x_wconf 89' lang='lat' dir='ltr'>numerus</span> <span class='ocrx_word' id='word_1_142' title='bbox 1488 3866 1810 3940; x_wconf 84' lang='lat' dir='ltr'>constantissimus</span> <span class='ocrx_word' id='word_1_143' title='bbox 1829 3892 1897 3963; x_wconf 89' lang='lat' dir='ltr'>per</span> <span class='ocrx_word' id='word_1_144' title='bbox 1942 3902 1947 3912; x_wconf 95' lang='lat'>·</span> 
     </span>
     <span class='ocr_line' id='line_1_19' title="bbox 312 3973 1895 4091; baseline -0.001 -27"><span class='ocrx_word' id='word_1_145' title='bbox 312 3989 437 4064; x_wconf 88' lang='lat' dir='ltr'>omnia</span> <span class='ocrx_word' id='word_1_146' title='bbox 464 3973 670 4064; x_wconf 76' lang='lat' dir='ltr'>vertebrato</span> <span class='ocrx_word' id='word_1_147' title='bbox 678 4043 690 4079; x_wconf 91' lang='lat'>,</span> <span class='ocrx_word' id='word_1_148' title='bbox 725 3992 789 4088; x_wconf 87' lang='lat' dir='ltr'>qni</span> <span class='ocrx_word' id='word_1_149' title='bbox 821 3991 940 4064; x_wconf 77' lang='lat' dir='ltr'>forma</span> <span class='ocrx_word' id='word_1_150' title='bbox 974 4011 1040 4066; x_wconf 81' lang='lat' dir='ltr'>s&#39;ua</span> <span class='ocrx_word' id='word_1_151' title='bbox 1067 3989 1105 4065; x_wconf 85' lang='lat' dir='ltr'>et</span> <span class='ocrx_word' id='word_1_152' title='bbox 1142 3994 1408 4091; x_wconf 88' lang='lat' dir='ltr'>conjunctione</span> <span class='ocrx_word' id='word_1_153' title='bbox 1445 4015 1597 4090; x_wconf 80' lang='lat' dir='ltr'>parum,</span> <span class='ocrx_word' id='word_1_154' title='bbox 1633 3989 1706 4061; x_wconf 87' lang='lat' dir='ltr'>situ</span> <span class='ocrx_word' id='word_1_155' title='bbox 1742 4015 1830 4062; x_wconf 89' lang='lat' dir='ltr'>vero</span> <span class='ocrx_word' id='word_1_156' title='bbox 1857 4007 1895 4062; x_wconf 89' lang='lat' dir='ltr'>et</span> 
     </span>
     <span class='ocr_line' id='line_1_20' title="bbox 312 4103 1895 4212; baseline -0.001 -23"><span class='ocrx_word' id='word_1_157' title='bbox 312 4117 514 4190; x_wconf 86' lang='lat' dir='ltr'>involucris</span> <span class='ocrx_word' id='word_1_158' title='bbox 541 4118 698 4191; x_wconf 91' lang='lat' dir='ltr'>multum</span> <span class='ocrx_word' id='word_1_159' title='bbox 715 4117 844 4190; x_wconf 81' lang='lat' dir='ltr'>&#39;adhuc</span> <span class='ocrx_word' id='word_1_160' title='bbox 870 4117 916 4190; x_wconf 90' lang='lat' dir='ltr'>ab</span> <span class='ocrx_word' id='word_1_161' title='bbox 943 4117 1136 4192; x_wconf 86' lang='lat' dir='ltr'>altioribus</span> <span class='ocrx_word' id='word_1_162' title='bbox 1163 4103 1331 4191; x_wconf 50' lang='lat' dir='ltr'>distenas</span> <span class='ocrx_word' id='word_1_163' title='bbox 1355 4117 1474 4189; x_wconf 85' lang='lat' dir='ltr'>Sicuti</span> <span class='ocrx_word' id='word_1_164' title='bbox 1509 4139 1599 4212; x_wconf 85' lang='lat' dir='ltr'>ergo</span> <span class='ocrx_word' id='word_1_165' title='bbox 1635 4114 1815 4206; x_wconf 85' lang='lat' dir='ltr'>transitus</span> <span class='ocrx_word' id='word_1_166' title='bbox 1848 4113 1895 4186; x_wconf 82' lang='lat' dir='ltr'>ad</span> 
     </span>
     <span class='ocr_line' id='line_1_21' title="bbox 312 4215 1894 4339; baseline -0.004 -25"><span class='ocrx_word' id='word_1_167' title='bbox 312 4241 463 4315; x_wconf 85' lang='lat' dir='ltr'>altiores</span> <span class='ocrx_word' id='word_1_168' title='bbox 491 4243 716 4315; x_wconf 82' lang='lat' dir='ltr'>evolationis</span> <span class='ocrx_word' id='word_1_169' title='bbox 753 4242 887 4339; x_wconf 83' lang='lat' dir='ltr'>gradus</span> <span class='ocrx_word' id='word_1_170' title='bbox 913 4267 991 4314; x_wconf 87' lang='lat' dir='ltr'>non</span> <span class='ocrx_word' id='word_1_171' title='bbox 1027 4215 1262 4338; x_wconf 82' lang='lat' dir='ltr'>abrogandus</span> <span class='ocrx_word' id='word_1_172' title='bbox 1274 4294 1286 4331; x_wconf 94' lang='lat'>,</span> <span class='ocrx_word' id='word_1_173' title='bbox 1322 4239 1450 4312; x_wconf 72' lang='lat' dir='ltr'>‘altera&#39;</span> <span class='ocrx_word' id='word_1_174' title='bbox 1467 4241 1575 4312; x_wconf 88' lang='lat' dir='ltr'>etiam</span> <span class='ocrx_word' id='word_1_175' title='bbox 1613 4254 1716 4336; x_wconf 89' lang='lat' dir='ltr'>parte</span> <span class='ocrx_word' id='word_1_176' title='bbox 1743 4218 1894 4334; x_wconf 79' lang='lat' dir='ltr'>apparet</span> 
     </span>
     <span class='ocr_line' id='line_1_22' title="bbox 311 4338 1892 4468; baseline 0.001 -33"><span class='ocrx_word' id='word_1_177' title='bbox 311 4380 427 4435; x_wconf 81' lang='lat' dir='ltr'>nexus</span> <span class='ocrx_word' id='word_1_178' title='bbox 454 4364 552 4438; x_wconf 88' lang='lat' dir='ltr'>inter</span> <span class='ocrx_word' id='word_1_179' title='bbox 577 4365 673 4437; x_wconf 89' lang='lat' dir='ltr'>hanc</span> <span class='ocrx_word' id='word_1_180' title='bbox 701 4363 855 4438; x_wconf 89' lang='lat' dir='ltr'>classem</span> <span class='ocrx_word' id='word_1_181' title='bbox 882 4381 921 4437; x_wconf 86' lang='lat' dir='ltr'>et</span> <span class='ocrx_word' id='word_1_182' title='bbox 954 4365 1261 4462; x_wconf 88' lang='lat' dir='ltr'>praecedentem,</span> <span class='ocrx_word' id='word_1_183' title='bbox 1289 4365 1339 4435; x_wconf 87' lang='lat' dir='ltr'>ita</span> <span class='ocrx_word' id='word_1_184' title='bbox 1367 4338 1417 4437; x_wconf 84' lang='lat' dir='ltr'>ut</span> <span class='ocrx_word' id='word_1_185' title='bbox 1453 4348 1892 4468; x_wconf 27' lang='lat' dir='ltr'>antiquissimasveritas,</span> 
     </span>
     <span class='ocr_line' id='line_1_23' title="bbox 312 4486 1928 4603; baseline 0.001 -47"><span class='ocrx_word' id='word_1_186' title='bbox 312 4504 480 4558; x_wconf 87' lang='lat' dir='ltr'>naturam</span> <span class='ocrx_word' id='word_1_187' title='bbox 507 4489 549 4560; x_wconf 90' lang='lat' dir='ltr'>in</span> <span class='ocrx_word' id='word_1_188' title='bbox 574 4488 819 4603; x_wconf 84' lang='lat' dir='ltr'>producendo</span> <span class='ocrx_word' id='word_1_189' title='bbox 845 4503 998 4590; x_wconf 83' lang='lat' dir='ltr'>passus,</span> <span class='ocrx_word' id='word_1_190' title='bbox 1025 4514 1096 4562; x_wconf 90' lang='lat' dir='ltr'>nec</span> <span class='ocrx_word' id='word_1_191' title='bbox 1123 4512 1210 4563; x_wconf 87' lang='lat' dir='ltr'>vero</span> <span class='ocrx_word' id='word_1_192' title='bbox 1238 4487 1351 4562; x_wconf 87' lang='lat' dir='ltr'>saltus</span> <span class='ocrx_word' id='word_1_193' title='bbox 1371 4490 1507 4578; x_wconf 79' lang='lat' dir='ltr'>facere,</span> <span class='ocrx_word' id='word_1_194' title='bbox 1533 4487 1682 4585; x_wconf 88' lang='lat' dir='ltr'>ubique</span> <span class='ocrx_word' id='word_1_195' title='bbox 1698 4486 1893 4578; x_wconf 81' lang='lat' dir='ltr'>eopfirme·</span> <span class='ocrx_word' id='word_1_196' title='bbox 1922 4489 1928 4578; x_wconf 84' lang='lat' dir='ltr'>j</span> 
     </span>
     <span class='ocr_line' id='line_1_24' title="bbox 314 4606 1891 4742; baseline -0.003 -58"><span class='ocrx_word' id='word_1_197' title='bbox 314 4625 387 4690; x_wconf 87' lang='lat' dir='ltr'>tur.</span> <span class='ocrx_word' id='word_1_198' title='bbox 438 4616 696 4714; x_wconf 86' lang='lat' dir='ltr'>Incipiendum</span> <span class='ocrx_word' id='word_1_199' title='bbox 721 4617 793 4693; x_wconf 85' lang='lat' dir='ltr'>erit</span> <span class='ocrx_word' id='word_1_200' title='bbox 819 4619 866 4694; x_wconf 86' lang='lat' dir='ltr'>ab</span> <span class='ocrx_word' id='word_1_201' title='bbox 893 4617 1011 4742; x_wconf 79' lang='lat' dir='ltr'>osseis</span> <span class='ocrx_word' id='word_1_202' title='bbox 1039 4617 1166 4712; x_wconf 85' lang='lat' dir='ltr'>utique</span> <span class='ocrx_word' id='word_1_203' title='bbox 1192 4613 1463 4692; x_wconf 79' lang='lat' dir='ltr'>inferioribus</span> <span class='ocrx_word' id='word_1_204' title='bbox 1441 4655 1463 4726; x_wconf 79' lang='lat'>,-</span> <span class='ocrx_word' id='word_1_205' title='bbox 1482 4632 1520 4688; x_wconf 88' lang='lat' dir='ltr'>et</span> <span class='ocrx_word' id='word_1_206' title='bbox 1547 4614 1634 4690; x_wconf 87' lang='lat' dir='ltr'>dciu</span> <span class='ocrx_word' id='word_1_207' title='bbox 1662 4606 1891 4708; x_wconf 78' lang='lat' dir='ltr'>cartilaginei</span> 
     </span>
     <span class='ocr_line' id='line_1_25' title="bbox 312 4737 586 4820; baseline 0.011 -11"><span class='ocrx_word' id='word_1_208' title='bbox 312 4737 586 4820; x_wconf 79' lang='lat' dir='ltr'>considerandi.</span> 
     </span>
    </p>
   </div>
   <div class='ocr_carea' id='block_1_9' title="bbox 0 0 2162 5416">
    <p class='ocr_par' dir='ltr' id='par_1_9' title="bbox 0 0 2162 5416">
     <span class='ocr_line' id='line_1_26' title="bbox 0 0 2162 5416; baseline 0 2"><span class='ocrx_word' id='word_1_209' title='bbox 0 0 2162 5416; x_wconf 95' lang='lat' dir='ltr'> </span> 
     </span>
    </p>
   </div>
  </div>
 </body>
</html>
