4316 5416
306 799 547 875 Contentum
577 816 642 872 est
668 819 852 894 organon·
873 795 1002 868 stricte
1038 793 1267 870 auditorium
1290 794 1341 865 'in
1382 811 1490 894 parte
1513 812 1667 893 petrosa
1694 794 1793 868 ossis

201 934 441 1026 temporum,
466 918 571 1022 quod
595 923 657 994 hio
684 946 729 994 ex
755 946 799 994 cn
828 937 865 994 et
893 929 998 1018 p'arte
1035 943 1268 1017 squammosa
1294 917 1540 1016 compositum
1570 915 1796 1021 est,io·j[1·

203 1053 374 1125 nioribus
392 1049 580 1150 separatis.
632 1034 866 1120 Vestibulum
893 1070 984 1143 ergo
1012 1046 1051 1118 in
1077 1061 1352 1144 perte-petrosa
1379 1045 1630 1143 exsculptum,
1659 1065 1795 1120 catum

208 1177 307 1252 sistit
331 1177 560 1274 oblongum,
588 1174 753 1275 quinque
780 1173 886 1244 ostiis
914 1170 1062 1244 canales
1089 1188 1165 1241 tres
1193 1167 1490 1241 semicirculum
1512 1169 1699 1267 recipiens
1710 1189 1799 1263 pat·

203 1324 277 1400 quo
304 1302 447 1374 alveum
466 1299 637 1377 eontinet
656 1313 889 1388 communem
913 1292 1099 1400 canalium
1117 1291 1459 1381 membraneomm,
1488 1289 1534 1363 ed
1552 1316 1663 1388 quem
1682 1315 1794 1366 cens·

202 1424 248 1496 lis
264 1422 432 1535 superior
442 1439 488 1494 et
497 1419 742 1494 horizontslrs
761 1445 827 1492 seu
845 1419 1005 1492 exterior
1022 1416 1252 1490 extremitate
1263 1416 1440 1488 anteriori
1456 1415 1625 1525 singulus
1643 1430 1793 1494 susam
1865 1495 1868 1505 ,

203 1543 700 1644 pulla,posterror1munum
720 1542 913 1641 cunjuncti
934 1539 1120 1614 communi
1137 1538 1238 1610 ostro
1249 1557 1500 1632 concurrunt,
1521 1539 1664 1612 medrus
1674 1535 1796 1614 aulem
1898 1579 1902 1586 ·

205 1693 271 1740 seu
290 1667 482 1740 verticalis
504 1665 649 1736 duobus
670 1665 788 1752 ostiis,
804 1685 985 1777 quorum
985 1662 1173 1733 inferius
1163 1688 1202 1732 ιιι
1215 1663 1421 1760 ampullam
1441 1663 1636 1738 dilatatur.
1656 1665 1797 1738 Alveus

207 1788 432 1876 communis,
448 1786 796 1885 figuraeohlongae,
808 1811 882 1859 uua
903 1807 991 1858 oum
1012 1784 1203 1858 canalibus
1216 1813 1311 1887 aque
1328 1787 1478 1886 limpida
1498 1787 1674 1888 repletus,
1695 1789 1798 1862 nulla

203 1908 363 2007 emplius
371 1911 526 2007 vestigia
537 1908 702 1982 materici
714 1907 873 1981 durioris
892 1908 1074 1996 continet,
1095 1910 1283 1983 sedembo
1298 1913 1573 2009 circumdantur
1590 1914 1812 2002 substantie,
1920 1997 1923 2004 Ι

207 2056 316 2104 ossea
336 2035 436 2112 dure.
492 2032 649 2104 Canales
686 2032 786 2106 ossei
812 2033 934 2129 magis
961 2034 1184 2108 evestibulo
1205 2036 1358 2124 remoti,
1386 2063 1495 2138 quam
1528 2038 1567 2108 in
1584 2037 1794 2146 reptilibus,

204 2155 329 2232 adhuc
348 2174 473 2230 tamen
499 2155 667 2250 superius
689 2149 884 2241 collocati,
911 2171 950 2224 et
970 2153 1109 2231 lumine
1134 2161 1399 2234 membraneos
1418 2179 1656 2258 superantes,
1676 2158 1716 2231 in
1737 2187 1798 2232 su·

210 2283 407 2380 perierem,
435 2277 769 2360 horisontalemet
787 2276 947 2353 medium
959 2277 1261 2379 distinguuntur,
1285 2284 1465 2360 diametro
1488 2285 1629 2384 ubique
1643 2286 1804 2384 aequali,

208 2421 364 2502 o'rcepto
394 2404 482 2476 loeo
516 2404 684 2498 ampullis
713 2402 990 2500 respondente,
1025 2403 1090 2479 uhi
1113 2431 1232 2504 aeque
1263 2407 1302 2480 in
1334 2407 1514 2507 ampullas
1541 2385 1805 2481 extenduntur(

205 2527 353 2602 Medius
372 2543 411 2598 et
426 2524 670 2598 horizontalis
696 2525 765 2598 sub
792 2525 1058 2622 engulc'reoto
1084 2555 1166 2605 sese
1185 2532 1434 2621 intersecant,
1461 2531 1513 2606 i'ts
1540 2543 1582 2606 ut
1598 2531 1663 2604 ille
1685 2557 1800 2632 supro

206 2651 309 2751 hunc
337 2648 486 2748 quidem
513 2647 705 2736 decurret,
734 2648 800 2720 sed
825 2672 911 2726 cata
937 2649 1036 2722 inter
1058 2655 1375 2730 secomunicent.
1417 2656 1570 2732 ⁴Omnes
1591 2657 1632 2728 in
1655 2654 1823 2728 ambitu»

203 2802 292 2850 vase
320 2771 532 2874 sauguifero
561 2777 805 2864 comitantur,
832 2775 872 2846 in
898 2776 1021 2849 canali
1047 2777 1200 2876 proprio
1229 2797 1431 2872 contento,
1459 2797 1497 2851 et
1522 2780 1678 2869 foveae,
1696 2807 1719 2854 ιι
1738 2807 1799 2854 ιιι
1840 2789 1846 2808 ’

205 2903 282 2979 nali
310 2902 503 3030 spporiore
531 2901 737 2989 formatae,
758 2900 983 2998 appendices
1005 2877 1187 2975 laterales
1202 2899 1396 2976 cerebelli
1402 2901 1583 2979 insident.
1618 2903 1800 3000 Superior

206 3029 246 3100 in
263 3007 412 3126 prima
430 3027 548 3100 classe
588 3025 805 3124 quidquam
838 3019 1117 3121 depresspskl,
1143 3023 1184 3094 in
1212 3022 1375 3097 secunda
1405 3023 1544 3120 magis
1541 3023 1729 3099 elevatus.
1763 3025 1802 3118 l)
1912 3085 1915 3094 .

210 3151 271 3226 Ad
297 3151 514 3224 inferiorem
541 3167 579 3224 et
604 3148 822 3224 exteriorem
852 3145 1028 3221 ¹uestibuli
1058 3163 1205 3244 partem
1223 3145 1389 3220 fenestre
1405 3147 1580 3222 vostihurr
1597 3173 1665 3222 seu
1683 3149 1802 3224 otalis

211 3277 282 3352 sito
308 3292 366 3348 est
377 3325 388 3361 ,
414 3297 509 3371 quae
528 3271 609 3345 ba'si
637 3269 857 3344 columellae
877 3264 1060 3344 clauditur
1067 3297 1079 3362 3
1106 3269 1279 3354 inferiori
1305 3289 1344 3344 et
1360 3271 1540 3344 auteriori
1560 3271 1726 3346 adnexus
1746 3291 1806 3348 est

211 3422 330 3470 conus
341 3444 353 3484 ,
379 3397 558 3468 interiora
589 3417 716 3468 versus
734 3411 924 3480 curvams,
952 3394 1002 3465 its
1026 3407 1068 3466 ut
1090 3409 1248 3492 uterque
1270 3397 1376 3496 apice
1397 3393 1604 3468 suocoeco
1626 3422 1666 3468 se
1685 3399 1803 3497 respi-

210 3519 296 3594 ciet·
324 3515 377 3612 rte)
406 3519 498 3592 Cum
516 3518 603 3594 situi
621 3528 660 3590 et
681 3516 867 3590 functioni
888 3516 1064 3601 cochleae
1086 3520 1328 3594 mammelium
1356 3515 1601 3619 respondent,
1630 3524 1803 3620 quemvis
1912 3605 1916 3612 ,

83 3688 87 3696 ·
210 3647 318 3723 nollo
345 3633 711 3735 modo'oonvolutus,
727 3641 947 3742 plerumque
966 3640 1120 3714 cochlea
1139 3641 1371 3737 nomimitur3
1397 3644 1534 3718 melius
1553 3670 1670 3718 conus
1688 3645 1801 3734 coch-
1908 3631 1913 3643 ’

212 3769 334 3848 leeris.
1026 3781 1033 3792 “

107 3884 111 3890 ’
313 3889 463 3970 Divinus
490 3915 558 3990 per
587 3889 759 3964 laminam
787 3883 1085 3984 cartilagineem
1104 3885 1309 3960 secundum
1343 3885 1652 3984 longitudinem
1641 3913 1681 3960 m
1712 3887 1804 3964 duas

213 4037 349 4121 portes,
377 4040 444 4092 seu
467 4016 605 4104 scalas,
625 4015 848 4088 anteriorem
865 4033 893 4084 s
913 4011 1049 4086 scalam
1066 4007 1241 4082 vestibuli
1261 4024 1299 4084 et
1316 4011 1560 4108 posteriorem
1580 4037 1608 4084 s.
1623 4012 1801 4110 tympani,

216 4161 311 4242 quae
329 4161 452 4216 tamen
474 4142 514 4212 in
533 4140 637 4240 apice
655 4139 753 4212 inter
773 4161 816 4210 se
834 4131 1129 4222 communicent,
1156 4140 1233 4206 uno
1259 4133 1447 4210 foramine
1476 4161 1597 4233 eoque
1616 4137 1801 4234 superiori
1878 4231 1881 4238 Ι

131 4265 137 4276 ’
216 4293 300 4340 cum
315 4265 520 4353 vestibulo,
548 4263 687 4351 altero,
714 4259 925 4338 membrana
947 4258 1131 4349 obturato,
1154 4285 1237 4332 cum
1254 4283 1344 4362 cavo
1362 4262 1804 4361 tympanieommunioat.

213 4394 392 4482 Ultimum
416 4393 603 4464 fenestrae
630 4387 807 4462 cochleae
837 4409 904 4462 seu
923 4381 1107 4462 rotundae
1133 4368 1381 4458 mammolium
1401 4384 1636 4485 respondens
1643 4393 1662 4472 ,'
1682 4381 1809 4457 stalis·

258 4577 674 4698 ijwmm

255 4720 463 4792 1)'t‘ab.v.,
487 4723 619 4796 etet,
642 4723 704 4792 11
726 4742 756 4792 a

256 4819 1134 4906 n)rab.tt.etg..‚t11..orst›..1tmg.x,.o
1229 4904 1260 4976 C

1287 4929 1308 4976 2
