4316 5416
203 585 425 668 branaceum
444 595 606 684 evalem,
613 595 738 695 enjus
761 617 848 690 pars
860 579 1064 688 angustior
1091 587 1156 655 seii
1176 589 1298 688 apex
1286 584 1354 658 ad
1358 585 1535 662 interiora
1568 617 1695 668 versus
1719 621 1779 668 ee·

206 723 390 814 rehrum,
401 717 557 841 amplior
577 749 644 796 seu
661 719 830 792 fundus'
819 747 859 790 ιιι
881 745 983 792 cavo
992 743 1074 816 ipso
1101 711 1286 800 consideo
1305 712 1376 786 sita
1396 733 1465 796 est
1519 717 1693 794 Refertus
1722 742 1780 797 est

171 843 177 859 ⁸
205 854 316 952 pulpa
342 879 500 966 nervea,
525 868 562 923 et
588 848 748 947 pauxillo
775 871 913 943 aquae,
941 838 1200 940 corpusculum
1226 836 1368 909 nullum
1396 841 1647 939 continetd)
1687 849 1783 918 Ner.

202 1003 268 1051 vus
293 977 476 1062 acusticus
503 999 580 1045 non
608 970 816 1043 immediate
841 994 885 1039 er
914 965 1092 1049 cerebro,
1121 961 1186 1034 sed
1213 989 1258 1034 ex
1283 989 1328 1036 eo
1348 988 1437 1061 pare
1464 967 1647 1057 exoritur,
1675 971 1779 1068 quod

206 1102 377 1200 antennis
402 1074 601 1197 majoribus
617 1094 820 1214 prospicit}
847 1109 885 1163 et
909 1087 1005 1208 pari
1026 1087 1158 1182 quinto
1185 1085 1356 1160 altiorum
1391 1087 1631 1161 animalium
1627 1117 1781 1191 respon·

105 1205 123 1304 ,¹
209 1223 284 1300 det.
338 1223 528 1320 Originem
555 1219 707 1292 acustici
742 1203 854 1313 paulo
882 1213 997 1322 magis
1025 1229 1228 1283 extrorsum
1254 1197 1428 1300 in'venio,
1467 1230 1505 1284 et
1537 1210 1653 1312 magis
1680 1234 1782 1290 recta

206 1343 264 1417 via
291 1339 601 1431 descendentem,
629 1337 738 1438 quarn
764 1338 901 1434 Scarpa
928 1359 1010 1406 eum
1037 1333 1249 1412 delineavit.
1285 1333 1321 1430 e)
1358 1335 1513 1434 Apieem
1549 1333 1736 1411 sacculi
1724 1367 1781 1411 ιιι-

206 1489 355 1564 gressus
382 1466 421 1535 in
439 1465 588 1563 pulpam
614 1487 659 1536 se
682 1462 876 1569 expandit,
905 1485 999 1560 quae
1025 1461 1226 1564 praecipue
1253 1483 1297 1531 ex
1318 1458 1473 1532 adverso
1494 1459 1680 1540 fenestrae
1701 1489 1785 1537 res·

209 1589 317 1664 tibuli
343 1588 391 1661 in
409 1589 528 1664 fundo
556 1587 693 1662 sacculi
720 1585 867 1678 residet.

740 1738 748 1750 “
966 1791 1030 1865 ιι.

848 1973 1164 2052 insecta.

307 2181 454 2257 insecta
480 2205 592 2290 sensu
619 2175 767 2251 auditus
789 2127 956 2273 praedita
983 2196 1089 2263 esse,
1124 2174 1265 2248 nullum
1301 2177 1383 2250 lere
1407 2175 1498 2252 dubi
1486 2197 1561 2254 um
1574 2203 1784 2278 ,superesse
1828 2169 1834 2179 ¹

204 2281 350 2404 potest,
378 2309 410 2378 si
435 2306 552 2377 varias
579 2300 860 2375 ohservationes
885 2297 1166 2438 perpendimus,
1193 2324 1294 2397 quae
1314 2303 1389 2376 hoe
1415 2291 1647 2382 confirmant
1699 2303 1783 2382 No·

206 2448 283 2503 tum
304 2448 359 2502 est
387 2429 694 2524 experimentum,
722 2450 798 2521 quo
819 2423 940 2520 apium
968 2421 1139 2494 examina
1166 2448 1237 2521 ope
1256 2424 1440 2542 strepitus
1459 2425 1694 2514 alliciuntur,
1713 2452 1785 2497 no·
1881 2449 1900 2490 .·

207 2571 286 2622 tum
312 2552 405 2622 illud
433 2575 508 2645 quo
535 2548 736 2646 gryllorum
762 2549 1057 2646 migratoriorum
1078 2571 1209 2644 greges
1236 2547 1436 2623 immensae
1463 2552 1604 2648 optime
1628 2548 1784 2646 strepitu

208 2700 342 2772 magno
368 2674 414 2747 ab
442 2673 539 2770 agris
566 2671 783 2770 fugantur,
780 2673 924 2745 similia
953 2671 1142 2744 observari
1162 2669 1319 2766 possunt
1338 2674 1436 2747 circa
1465 2701 1614 2749 muscas-
1636 2675 1784 2771 aliaque

205 2800 348 2872 insecta
372 2799 468 2871 vitro
496 2797 664 2886 inclusa,
685 2821 779 2893 quae
802 2815 942 2870 motum
968 2795 1173 2867 inhibendo
1199 2797 1260 2870 vel
1281 2799 1528 2874 accelerando
1550 2799 1787 2875 distinctissi-

206 2950 300 2999 mam
336 2925 420 2996 soni
453 2915 654 3024 campanae
692 2915 868 3022 applicati
898 2925 1180 3022 perceptionem
1214 2921 1430 2997 ostendunt.
1484 2907 1697 3028 Organon
1698 2949 1789 2995 vero

206 3052 397 3150 proprium
421 3051 674 3124 demonstrare
700 3043 896 3147 hucusque
928 3048 1094 3122 nondum
1122 3049 1323 3139 successit,
1358 3066 1397 3120 et
1423 3045 1526 3146 quod
1561 3042 1793 3146 Comparetti

195 3161 249 3268 J‘l'
268 3159 324 3243 de*
342 3173 389 3242 iis
414 3192 539 3245 narrat
546 3227 558 3261 ,
574 3175 647 3247 iano
675 3173 843 3276 depingit
851 3225 864 3268 2
889 3171 978 3245 licta·
995 3190 1089 3244 sunt.
1115 3172 1347 3256 'Coniectura
1366 3173 1422 3246 ct.
1450 3176 1590 3266 Carnsj
1612 3182 1657 3284 g)
1676 3193 1789 3248 mem·

206 3283 382 3386 branam,
410 3321 505 3396 quae
526 3281 794 3390 'antennarum'
815 3299 1109 3372 articulationem
1136 3291 1220 3370 cunt
1247 3298 1368 3397 capite
1395 3299 1561 3398 perlicit,
1588 3317 1792 3402 eammque
1838 3397 1839 3403 ἵ

206 3441 310 3496 motu
335 3423 500 3515 laxatur,
527 3443 565 3499 et
590 3425 774 3516 tenditur,
801 3427 849 3534 ad
877 3427 1040 3504 auditum
1067 3427 1240 3502 conferre
1252 3475 1264 3514 ,
1282 3424 1479 3526 ingeniosa
1504 3417 1639 3499 saltem
1665 3412 1759 3509 est.¹

246 3733 280 3806 d)
303 3733 392 3814 Quod
413 3733 540 3808 spiriu
561 3733 802 3808 cephalogenesi.
842 3734 992 3813 Monaeltii
1018 3733 1106 3794 1815.
1135 3737 1209 3795 cat.
1230 3736 1268 3794 V.
1291 3734 1354 3808 sig.
1378 3736 1490 3795 xvm.
1521 3737 1696 3812 nuperrime
1730 3751 1791 3808 qua

308 3837 445 3913 lapillum
467 3835 650 3894 auditorium
679 3837 834 3912 depinxit,
857 3841 906 3893 'nil
928 3850 973 3896 est
993 3839 1159 3914 ni‘silapis
1189 3832 1369 3912 cancrornrn'
1392 3819 1508 3916 notus,¹
1533 3839 1585 3910 qni
1616 3830 1731 3909 jam'ex
1754 3856 1792 3892 eo

310 3943 427 4000 auditui
450 3945 598 4000 inservire
619 3961 680 3998 non
696 3935 821 4018 potest,
845 3963 912 4000 eum
932 3957 988 4018 per
1000 3955 1116 4022 partem
1139 3941 1326 4000 solummedo
1355 3927 1423 3998 atini
1452 3945 1616 4018 persistat,
1636 3959 1691 3997 nee
1713 3941 1794 4016 apud

241 4033 242 4038 ἵ
310 4027 428 4106 omnes
435 4050 616 4107 inveniatur·
1706 4030 1712 4042 “

252 4153 423 4216 strant.
464 4151 740 4224 Τῖὸ.ΤΙ.,Ρ,1ι.
1452 4195 1458 4202 .

244 4250 284 4332 J)
302 4253 547 4316 Observationes
560 4252 739 4308 anatomicae
761 4251 799 4312 tle
818 4269 890 4312 aure
911 4252 1028 4306 interna
1049 4209 1227 4326 comparate.
1271 4249 1391 4308 Patavii
1427 4251 1513 4325 1789.
1554 4249 1626 4319 Tab.
1649 4249 1704 4306 111.
1728 4249 1795 4328 sig

207 4431 214 4438 .
312 4367 427 4431 aq.-
385 4349 497 4422 -.34
540 4355 575 4408 In
592 4353 802 4428 descriptione
823 4349 970 4428 pluries¹
960 4367 1088 4426 ingenue
1108 4353 1238 4425 fatetur,
1259 4352 1311 4409 ibi
1338 4353 1480 4412 latere
1508 4372 1657 4452 organum,
1673 4353 1793 4445 audito

288 4452 400 4510 [lum.

247 4549 464 4622 ethehrbnelr
487 4551 541 4614 der
562 4555 731 4690 Τιοιιιιιιίι,
772 4514 895 4632 lreipnig
920 4551 1009 4614 1810
1030 4573 1064 4631 Ρ
1084 4551 1134 4616 (ιὸ.
