4316 5416
360 501 405 546 ro
508 541 510 547 .

331 589 478 695 vaurioli
507 615 603 688 ossis
626 613 797 712 occipitia
817 611 985 686 foramen
1001 613 1176 710 ‘magnum
1195 615 1409 722 formantis,
1437 631 1475 686 et
1504 615 1599 687 oseis
1629 611 1868 711 sphen'oidei;
1897 617 1937 688 in

346 743 470 817 medio
491 725 612 828 buca,
640 763 735 834 quae
756 739 794 810 in
816 737 980 834 margine
1000 737 1209 810 externo'iu
1229 736 1411 810 sulculum
1430 736 1528 828 abit,
1554 742 1591 829 z)
1619 755 1661 845 et
1675 737 1798 812 locum
1813 739 1939 838 pristi-

261 889 274 958 ς
347 895 419 943 nae
451 863 714 965 sejunctionis
720 862 885 953 indicat,
910 850 1100 952 notatum,
1126 863 1254 962 ibique
1277 864 1453 962 amphus,
1479 889 1589 964 quam
1614 867 1661 941 ad
1678 868 1936 944 extremitates.

344 992 571 1093 superficies
588 990 668 1087 ejus
687 987 856 1085 superior
885 983 930 1058 ad
948 1003 1088 1084 partem
1111 987 1268 1084 margini
1298 1008 1451 1064 externo
1477 992 1635 1064 vicinam
1665 979 1802 1089 tegitur
1831 1013 1937 1093 parte

288 1173 295 1186 .
348 1139 583 1217 squammosa
604 1114 699 1184 ossis
717 1128 945 1208 temporum,
974 1135 1070 1206 quae
1101 1110 1266 1182 anterius
1294 1112 1333 1182 in
1354 1139 1569 1212 processum
1590 1120 1832 1208 terminatur,
1859 1121 1936 1192 ossi

346 1243 528 1343 quadrato
550 1265 589 1312 se
607 1239 827 1336 adjungens.
869 1237 1015 1310 Caritas
1035 1237 1214 1312 auditoria
1235 1240 1279 1328 (si
1299 1240 1619 1338 sisparspetrosa)
1647 1262 1818 1340 apertura
1838 1269 1938 1341 mag·

345 1394 415 1458 ua,
444 1341 637 1440 dimidium
664 1362 745 1460 ejus
773 1360 853 1432 fere
873 1378 1103 1460 occupante,
1131 1358 1202 1431 sed
1223 1347 1438 1462 cartilagine
1469 1361 1616 1452 clausa,
1644 1391 1726 1438 cum
1747 1389 1838 1438 cavo
1856 1390 1936 1438 era·

345 1487 401 1566 nii
421 1488 687 1575 communicat,
707 1512 816 1584 quam
835 1511 970 1561 nervus
992 1487 1178 1561 seusticus
1196 1499 1386 1586 penetrat.
1404 1485 1463 1558 Ad
1484 1487 1664 1571 exteriora
1683 1489 1791 1561 aliam
1808 1509 1934 1562 osten-

347 1616 404 1690 dit
427 1613 592 1700 ovalem,
613 1609 792 1710 operculo
812 1605 1059 1692 concbiformi
1082 1635 1192 1683 osseo
1208 1609 1373 1686 clausam
1386 1605 1466 1710 sa)
1489 1609 1591 1708 quod
1611 1611 1767 1683 interius
1787 1637 1936 1688 excasa-

345 1754 425 1813 tum
450 1725 487 1830 b)
510 1734 772 1810 extremitatem
793 1737 978 1831 posticam
998 1735 1112 1808 habet
1136 1734 1308 1806 latiorem
1330 1729 1537 1822 rotundam,
1566 1735 1725 1808 anticam
1745 1739 1936 1834 angustio·

343 1875 440 1951 rem,
467 1861 607 1934 nodulo
628 1875 813 1952 notatam,
842 1838 1002 1932 exterius
1022 1858 1230 1957 quidquam
1244 1869 1449 1930 convexum
1467 1869 1523 1930 est
1541 1875 1578 1930 et
1600 1856 1778 1957 glabrum.
1805 1855 1958 1942 Nodu-¹

309 1985 312 1991 “
342 1983 408 2056 lo'
398 1984 460 2100 rsti
481 1984 656 2056 adhaeret
679 1985 939 2082 ligamentum,
965 1985 1162 2083 processui
1175 2007 1310 2098 parvo,
1333 1979 1463 2054 abillo
1484 1982 1662 2054 anteriori
1689 1983 1806 2080 partis
1826 2007 1939 2081 squa-

214 2091 234 2186 J
344 2093 468 2183 mosae
489 2097 629 2194 erorto,
640 2105 832 2182 adnexum
852 2115 881 2204 c)
894 2097 1117 2210 Operculum'
1135 2111 1278 2184 recenti
1294 2111 1332 2182 in
1350 2127 1448 2183 statu
1466 2109 1658 2210 ligamenti
1679 2134 1750 2209 ope
1767 2109 1934 2208 aliquau-

344 2217 460 2300 tulum
487 2230 626 2302 moseri
654 2247 790 2327 potest
819 2233 956 2306 Carum
977 2262 1125 2310 saccum
1146 2217 1331 2323 continet,
1359 2259 1478 2306 massa
1499 2233 1581 2306 alba
1604 2231 1704 2309 infra
1723 2233 1841 2307 fusius
1853 2233 1935 2308 des

346 2351 524 2427 eribenda
553 2353 756 2450 repletum,
785 2383 892 2454 qnam
918 2341 1053 2433 nervus
1080 2357 1266 2432 seusticus
1294 2356 1517 2454 aggreditur.
1552 2349 1869 2456 superimpositus
1899 2359 1935 2430 ei

344 2470 617 2572 filamentisque
640 2479 802 2552 adnexus
824 2469 883 2554 est
906 2467 1028 2556 alveus
1049 2483 1251 2555 communis
1274 2477 1456 2552 canalium
1469 2477 1807 2583 semicircularium,
1825 2505 1932 2581 supe·

278 2594 280 2598 ’
344 2599 464 2671 rioris
464 2651 476 2688 ,
503 2599 783 2675 horizontaiis
766 2621 805 2676 et
822 2609 1050 2703 posterioris.
1078 2608 1286 2708 Superior
1276 2631 1315 2678 ιιι
1302 2599 1439 2678 sulco
1457 2603 1632 2702 marginis
1652 2605 1854 2721 superioris
1880 2607 1937 2678 in·

347 2722 449 2794 terni
469 2721 680 2798 deccurens
704 2742 743 2800 et
763 2709 802 2799 ιιι
821 2715 1015 2831 ampullam
1036 2727 1210 2810 dilatatus
1222 2756 1305 2807 cnm
1326 2730 1469 2802 eadem
1482 2717 1783 2820 horizontalis,
1771 2759 1811 2802 ιιι
1831 2731 1939 2806 sulco

340 2845 520 2947 marginis
557 2841 759 2949 superioris
784 2859 926 2928 externi
944 2859 1120 2954 latentis,-
1145 2863 1388 2962 conjunctus,
1417 2855 1549 2929 eodem
1570 2855 1668 2926 ostio
1697 2853 1745 2927 ad
1770 2857 1938 2954 superio·

289 3001 293 3007 ·
342 2993 422 3044 rem
458 2987 599 3066 partem
619 2975 740 3062 sacci,
769 2976 895 3050 alteris
926 2982 1215 3080 extremitatibus
1238 2982 1284 3054 ad
1310 2982 1547 3072 inferiorem,
1573 2979 1766 3077 posterior
1788 2981 1936 3056 dnobus

240 3071 244 3078 ’
338 3093 450 3164 ostiis
469 3097 648 3192 separatis
663 3097 710 3168 sd
727 3103 972 3196 posteriorem
985 3113 989 3120 '
1003 3105 1083 3206 ejus
1101 3125 1243 3205 partem
1272 3105 1472 3179 concurrit.
1513 3101 1646 3176 Soleus
1675 3105 1816 3194 'canalis
1836 3105 1937 3179 bori-
1963 3126 1967 3140 ·

265 3255 270 3262 ·
326 3217 510 3296 ,Ζοιιιιιιεῑ
532 3237 636 3320 extus
662 3223 879 3320 prominet·
1464 3241 1467 3247 '

440 3339 700 3433 Salamandra,
729 3363 915 3422 anaturae
935 3351 1202 3428 scrutatoribus
1222 3354 1321 3429 inter
1337 3355 1486 3456 reptilia
1503 3359 1625 3458 posita
1637 3359 1799 3455 ,quoad
1822 3387 1929 3461 orga-

342 3489 422 3537 non
442 3465 589 3538 audit'us
608 3462 733 3539 tamen
752 3471 993 3568 praecedenti
1015 3471 1125 3578 classi
1144 3477 1264 3569 adhuc
1283 3479 1333 3550 ita
1359 3477 1484 3552 affinis
1505 3499 1584 3570 est,
1606 3499 1648 3554 ut
1665 3483 1826 3558 animum
1850 3487 1936 3562 illo·

340 3613 441 3678 rum,
461 3589 511 3662 ad
538 3615 616 3663 eam
628 3594 844 3670 accuratius
863 3596 1161 3689 examinandam,
1189 3600 1381 3674 attendere
1400 3625 1527 3674 coner.
1554 3605 1638 3679 Hoc
1655 3627 1830 3706 respectu
1849 3634 1933 3710 rep·
1969 3616 1976 3630 '

338 3717 412 3792 tile.
425 3717 682 3820 imperfectius
702 3746 806 3813 esse,
824 3749 868 3796 er
888 3725 1137 3824 descriptione
1158 3726 1309 3828 patebit.
1345 3727 1484 3800 Casum
1504 3723 1730 3804 auditorium
1762 3737 1932 3832 exsculp·
2050 3745 2054 3752 '

339 3864 419 3919 tum
451 3862 508 3918 est
530 3845 570 3920 in
595 3871 680 3920 osse
708 3849 807 3924 inter
832 3853 1003 3951 occiput,
1030 3869 1082 3926 ‘os
1105 3851 1287 3951 parietale
1314 3866 1353 3926 et
1381 3852 1651 3951 sphenoideum
1680 3859 1826 3954 posito,
1854 3862 1932 3933 ossi
2031 3903 2035 3916 .

281 3957 288 3978 ’
341 3987 547 4067 temporum
566 3971 724 4073 analogo
734 4027 746 4063 ,
773 3977 878 4075 cujus
894 3976 1031 4074 angulo
1050 3975 1224 4049 exteriori
1244 3978 1286 4049 os
1305 3979 1522 4076 quadratum
1542 3983 1727 4073 inseritur,
1744 3984 1825 4058 fere
1844 4011 1928 4085 per·

343 4095 634 4194 pendiculariter
654 4098 701 4175 ad
722 4101 1016 4189 articulationem
1032 4099 1199 4174 maxillae
1223 4099 1411 4176 inferioris
1431 4105 1674 4180 descendens.
1703 4108 1840 4207 Casum
1857 4111 1931 4184 hnc

298 4253 303 4266 ·
341 4223 482 4322 figurae
512 4223 669 4306 imferius
701 4227 904 4320 rotundae,
933 4230 1104 4329 superius
1133 4227 1410 4330 complanatae,
1440 4234 1649 4334 superficiei
1677 4234 1846 4333 internae
1873 4233 1930 4307 in·

334 4437 715 4484 -†-

384 4527 1272 4630 ommmmwwmmmmm

384 4641 880 4717 mmmmm.·

385 4733 835 4820 ommmma2

385 4825 827 4931 mmmmmd-
