4316 5416
368 533 413 584 ιι

366 657 506 762 perlici
561 655 678 731 Coeei
705 655 803 728 enim
797 654 990 784 plurimi
998 655 1163 730 animum
1186 667 1409 746 conservant
1426 647 1604 784 hilarem,
1630 653 1860 730 oommereio
1882 656 1955 732 isto

365 831 445 880 nou
471 804 626 908 privati,
654 802 756 876 surdi
782 803 930 893 tristes,
957 805 989 877 si
1017 779 1091 879 soli
1114 775 1222 892 sunt,
1250 797 1501 874 diffidentes
1491 778 1532 871 ιἰι
1558 801 1759 892 societate,
1787 801 1949 890 liberali·

364 971 478 1027 tatem
495 950 597 1024 illam
610 949 806 1038 emittunt,
832 975 928 1048 quae
949 945 1074 1050 cilicip
1102 973 1191 1046 erga
1211 973 1251 1022 se
1272 965 1318 1019 et
1336 943 1429 1020 alios
1446 947 1698 1044 praestauds'
1683 969 1807 1049 Juvat,
1834 970 1946 1051 atque

364 1085 1200 1198 aequiori-animodealiisjudiearenosjubet.
1227 1087 1345 1180 Enixa
1353 1117 1445 1190 crgo
1457 1093 1554 1166 malo
1564 1094 1652 1166 huie
1662 1093 1866 1190 minuendo
1874 1111 1952 1172 sto·

324 1252 338 1292 ¹
361 1245 665 1332 deredebemus,
695 1242 921 1340 etquamris
933 1243 1093 1318 adhunc
1105 1239 1724 1340 usquedismnondumsuecessit,
1752 1244 1952 1341 diagnotin

364 1393 576 1480 certiorem,
602 1389 793 1488 therapiae
803 1390 996 1479 rationalis
1005 1388 1126 1476 basin,
1152 1385 1408 1475 construendi,
1433 1401 1654 1486 speetamen
1672 1411 1750 1460 nou
1770 1387 1953 1488 abjicien-
1987 1358 2011 1500 l*

366 1537 426 1628 da,
438 1533 971 1640 diligentissimaetindeiessa
982 1515 1245 1609 observatione
1254 1533 1607 1634 phaenomenorum,
1617 1532 1953 1638 perioductiouem

314 1697 317 1702 '
357 1702 406 1764 ¹et
428 1683 638 1782 analogiam
664 1680 802 1753 sensim
821 1679 1092 1782 sensimquead
1113 1681 1311 1754 clariorem
1334 1677 1594 1776 p'athogeuiam
1615 1683 1811 1778 pervenire
1828 1691 1954 1784 posse.

472 1831 544 1930 Qui
571 1831 694 1930 omnia
719 1829 825 1901 liaee'
839 1851 969 1900 secum
994 1825 1254 1925 perpenderit,
1283 1825 1388 1897 certe
1402 1847 1481 1898 nou
1501 1825 1643 1918 inficias
1661 1827 1749 1916 ibit,
1776 1832 1954 1910 anetoruis

365 1937 448 2050 cam
478 1993 518 2076 et
540 1975 836 2077 physiologicam
861 1973 977 2074 partis
1004 1949 1258 2069 cognitionem
1284 1973 1511 2054 exactiorem
1538 1973 1696 2051 maxime
1723 1999 1805 2048 esse
1825 2002 1955 2052 neces.-

365 2125 526 2214 sariam‚
549 2139 592 2199 et
608 2123 774 2197 adhunc
790 2122 907 2196 finem
925 2116 1236 2216 consequendum
1256 2117 1309 2192 nil
1324 2121 1570 2218 praestantius
1590 2144 1674 2210 esse
1683 2172 1696 2210 ,
1715 2145 1824 2218 quam
1840 2145 1952 2218 ,orga-

363 2297 447 2346 non
462 2267 715 2344 crameriam
733 2269 938 2340 edmerum
957 2266 1009 2337 ita
1027 2265 1224 2362 persequi,
1238 2284 1279 2339 ut
1295 2263 1504 2364 ,perfectior
1523 2236 1670 2366 semper
1687 2269 1768 2366 ejus
1787 2267 1950 2360 evolutio

368 2411 935 2512 peromues·graduselueescat.
963 2409 1119 2482 Testari
1127 2409 1262 2506 igitur,
1285 2411 1359 2502 hoe
1368 2413 1549 2512 opusculo
1564 2383 1951 2511 generaiemindimm

362 2561 474 2648 vium,
496 2578 609 2654 quam
619 2555 882 2653 ingredientes·
893 2556 941 2629 ed
949 2579 1104 2652 scopum
1115 2555 1317 2651 praefixum
1338 2558 1521 2653 attingere
1532 2546 1627 2645 nos,
1650 2573 1789 2630 censeo
1799 2585 1812 2650 3
1841 2577 1953 2658 esque

365 2704 477 2794 idem,
498 2701 719 2780 difficultate
728 2701 868 2778 laboris
879 2701 1026 2777 abunde
1048 2704 1253 2792 convietus,
1272 2701 1423 2774 timidus
1442 2697 1623 2826 lectorum
1641 2700 1811 2800 menibus
1834 2707 1952 2802 trado.

262 2841 264 2860 '
349 2926 353 2934 ,
469 2846 741 2952 Nec'unquem
761 2849 1121 2948 remeoperdueere
1137 2851 1370 2948 potuissem,
1388 2851 1461 2922 uisi
1479 2847 1740 2924 benevolentia
1758 2853 1801 2924 ee
1820 2853 2007 2927 libera-1
2105 2829 2106 2872 ³

368 2988 488 3064 litete'
533 2995 608 3064 lll.
637 2994 695 3064 de
721 2993 1038 3086 Se'hreibers,
1071 2996 1279 3070 Direotoris
1295 2995 1438 3090 summi
1460 2997 1506 3074 J.
1538 2997 1584 3069 R.
1622 2997 1742 3070 Musei
1771 2999 1952 3090 historiae

364 3135 579 3226 naturalis,
602 3135 768 3237 adjutus,
795 3129 1075 3241 opportunitate
1097 3141 1243 3217 nactus
1272 3166 1412 3231 essem,
1438 3140 1546 3240 plura
1571 3167 1691 3242 eaque
1712 3150 1852 3224 rariore
1873 3155 1952 3246 aui·

371 3264 480 3363 atalia
499 3249 742 3374 examinandi,
758 3303 798 3357 et
816 3287 1029 3380 gratissimo
1038 3289 1163 3362 enimn
1183 3289 1281 3362 hene
1297 3287 1501 3388 amplector
1516 3290 1764 3382 occasionem,
1784 3295 1958 3372 humani·

365 3440 484 3502 tatem
503 3441 643 3502 tantam
664 3429 814 3526 publice
830 3432 1009 3528 profiteri.
1060 3437 1146 3508 Neo
1161 3435 1403 3533 supersedere
1419 3400 1572 3532 possum
1594 3437 1721 3532 gratiis
1744 3465 1866 3538 quam
1877 3471 1952 3520 nse·¹

366 3574 475 3648 rimis
491 3573 748 3672 persolvendis
772 3579 887 3653 Duo
914 3581 1165 3668 Nartem,
1190 3577 1287 3678 patri
1310 3598 1350 3656 et
1367 3579 1464 3670 filio,
1481 3581 1649 3681 ejusdem
1664 3587 1784 3660 Musei
1797 3591 1874 3662 ·'rint
1867 3620 1952 3671 um·

363 3721 444 3793 tori
464 3738 502 3794 et
512 3721 672 3796 Custodi
679 3773 692 3812 ,
713 3724 778 3821 qui
797 3725 916 3814 omni,
936 3749 1009 3820 qua
1026 3743 1227 3822 potuerunt
1242 3725 1489 3817 urbanitate,
1501 3755 1563 3802 me
1582 3733 1623 3807 ia
1644 3751 1820 3844 suscepto
1847 3736 1952 3810 labo.-

364 3865 662 3967 coadjuvemur
714 3851 795 3948 Do
822 3872 1091 3945 Herrmann
1116 3871 1293 3969 doluique,
1314 3873 1420 3973 eujus
1446 3875 1620 3950 solertiae
1642 3880 1849 3974 praestanti
1868 3851 1951 3982 pul·

372 4011 554 4088 cherrima
569 4012 692 4089 debeo
713 4031 929 4116 praeparere
947 4019 1176 4105 anatomicis,
1196 4015 1474 4093 collectionem
1480 4047 1597 4096 meam
1615 4022 1860 4115 remeantia,
1887 4053 1950 4102 sev
2006 4125 2010 4132 .

368 4163 652 4262 cipietgrates,
679 4187 775 4260 quas·
795 4128 1174 4260 sinceruszetlubens
1194 4166 1266 4264 ipsi
1289 4164 1426 4240 tribuo.
1502 4223 1505 4230 .
1686 4165 1691 4173 ’

473 4308 688 4382 Delineatio
706 4308 831 4381 esocis
846 4306 961 4400 lucii,
988 4335 1102 4410 quam
1123 4311 1444 4388 aestimatissimus
1452 4312 1554 4408 l’roi
1571 4315 1668 4386 Beer
1677 4314 1949 4420 elaborandam

363 4440 535 4546 benigue
552 4449 641 4522 mihi
655 4449 811 4542 obtulit,
838 4453 1132 4546 consulumque
1147 4448 1414 4554 documentum
1426 4456 1708 4556 benevolentiae
1720 4465 1947 4564 praecipuae

369 4593 584 4692 gratissimo
605 4597 728 4672 animo
756 4623 935 4699 agnosco,
961 4601 1029 4675 sed
1054 4603 1282 4692 ornamenti,
1318 4602 1421 4700 quod
1450 4601 1538 4678 iude
1560 4603 1690 4682 libello
1718 4607 1882 4702 addidit,
1908 4569 1949 4687 iu

368 4759 564 4817 aeternum
581 4733 825 4824 memorero.
1939 4723 1945 4729 -

562 4889 989 4986 Vindobouae,·mense
1014 4893 1206 4996 Augusto,
1239 4905 1346 4985 ¹8¹8·
