4316 5416
728 568 734 583 ’
834 643 840 658 -
956 599 1109 680 amn·

222 783 225 788 ’
331 770 390 860 Oa
407 801 597 886 petrocum
609 783 928 863 ‘Cet'eeeornm
946 812 1030 862 eum
1049 786 1196 862 ossibus
1218 769 1335 856 cranii
1347 780 1461 882 plane
1476 801 1558 855 non
1572 784 1817 884 conjunctum

234 931 316 985 case
335 908 514 999 refertur,
542 910 608 988 sed
629 905 840 1010 ligamentis
857 909 1123 984 solummodo
1112 935 1153 980 ιιι
1172 907 1321 982 fornice
1340 908 1388 983 ab
1420 921 1507 980 oeae
1534 907 1724 1006 occipitia
1740 909 1818 981 stir-
1839 955 1842 958 -

237 1053 337 1148 mato
354 1059 594 1138 anapensnm3
619 1039 867 1138 prominentia
884 1035 1054 1111 interiori
1072 1032 1361 1122 semicirculari,
1388 1032 1448 1106 cui
1478 1032 1652 1160 foramen
1679 1032 1819 1106 baseos

239 1166 354 1246 oranir
345 1159 615 1266 respondeat,
645 1166 841 1240 continere
860 1155 1070 1251 cochleam,
1096 1179 1134 1235 et
1153 1159 1223 1232 alra
1233 1158 1407 1231 externam
1425 1145 1577 1274 majori
1583 1181 1712 1230 cavum
1716 1173 1820 1254 tym

235 1309 324 1388 pam
313 1289 511 1362 Qformare
523 1287 773 1364 Cochleam'
762 1270 878 1390 rpsani
899 1311 1098 1386 magnam,
1118 1283 1185 1358 aed
1202 1285 1281 1356 non
1302 1279 1376 1352 nisi
1393 1275 1524 1403 gyrnni
1557 1295 1673 1355 unum
1701 1295 1739 1350 et
1762 1277 1820 1350 di-

120 1471 125 1481 .
236 1411 422 1486 midium'
410 1439 451 1486 ιιι
468 1411 619 1512 planum
635 1411 878 1488 convolutum
896 1435 1050 1512 gerere,
1077 1425 1114 1482 et
1134 1405 1283 1480 canales
1299 1425 1517 1517 perparvas
1519 1429 1640 1493 ease,
1639 1401 1706 1480 lll
1719 1405 1820 1476 Auc-

233 1549 296 1606 tor
313 1534 456 1613 arserit.
483 1533 787 1636 Chiroptera·
802 1533 992 1612 cochleam
1008 1533 1148 1606 habeut
1166 1508 1458 1630 praegrandem,
1485 1553 1557 1604 nee
1576 1525 1650 1601 ulla
1662 1525 1822 1601 cellula·
1854 1553 1858 1566 ’

235 1683 277 1731 ea
294 1681 366 1731 nee
385 1683 493 1748 osaea
521 1658 729 1734 substantia
753 1659 910 1747 tectam,
937 1657 989 1731 ita
1006 1675 1048 1730 ut
1067 1657 1167 1730 nuda
1191 1653 1302 1753 plane
1318 1655 1359 1725 in
1379 1655 1573 1729 cavitatem
1590 1652 1709 1730 cranii
1733 1678 1822 1751 pro·

235 1759 390 1868 mineat,
415 1779 517 1878 qnod
538 1801 627 1880 prae
637 1783 772 1856 aeterra
792 1781 832 1854 iu
850 1781 1113 1883 vespertilione
1132 1781 1248 1854 ferro
1242 1779 1393 1876 equino
1415 1778 1561 1862 elecem
1588 1777 1735 1852 canales
1754 1803 1823 1850 an·

234 1907 333 2003 gusti
352 1923 439 1978 eunt
456 1918 495 1978 ct
505 1903 643 1978 hrevea
653 1957 667 1997 ,
693 1907 884 2004 magisque
903 1905 1132 1978 incirculum
1149 1901 1352 1978 convoluti.
1376 1902 1536 1990 Porci,
1563 1927 1594 1979 ιι
1614 1899 1820 2000 pachyder·

234 2026 305 2116 ma,
333 2029 482 2124 canales
502 2015 685 2126 praebent
700 2047 899 2126 angustos,
914 2043 965 2100 et
986 2026 1176 2100 cochleam
1197 2039 1278 2102 tota
1295 2024 1492 2125 superficie
1511 2025 1689 2098 anteriori
1707 2027 1822 2100 inea·

235 2176 321 2226 vum
338 2152 503 2250 tympani
518 2151 817 2251 prominentem,
855 2149 955 2250 qnod
980 2151 1182 2252 praecipue
1211 2154 1250 2225 in
1276 2175 1343 2224 cue
1371 2148 1497 2224 ecrola
1528 2149 1609 2224 lero
1640 2150 1823 2240 observo,

237 2291 275 2348 et
291 2276 425 2358 Curiae·
442 2275 488 2350 de
511 2275 707 2373 elephante
726 2277 836 2348 etiam
857 2253 990 2349 asserit
1007 2279 1059 2370 a);
1079 2277 1279 2350 fenestram
1298 2273 1476 2348 cochleae
1503 2274 1618 2348 multo
1645 2277 1824 2375 majorem
1845 2309 1848 2311 ·

236 2400 303 2473 illa
323 2395 512 2493 vestibuli·
544 2401 755 2474 Glirium
778 2385 914 2501 genera
934 2403 1033 2478 inter
1051 2396 1093 2478 ee
1110 2405 1297 2480 differunt.
1333 2399 1467 2473 Castor
1503 2399 1602 2472 fiber
1627 2401 1824 2476 cochleam

132 2573 141 2581 „
242 2523 338 2620 gerit
358 2547 530 2621 parvam,
557 2525 865 2600 vestibulum‘aat
889 2547 1059 2624 magnum
1086 2525 1235 2600 canales
1264 2535 1455 2622 augustea.
1492 2519 1605 2612 Mna,
1641 2549 1819 2627 myoxua,
1875 2533 1894 2546 ““
1993 2513 1995 2520 ’

166 2659 169 2665 “
192 2639 197 2646 ’
238 2643 385 2716 sciurus
408 2661 445 2716 et
464 2645 624 2723 oricetue
646 2649 788 2746 magnis
807 2659 844 2722 et
863 2647 1133 2774 angustissimis
1150 2649 1342 2725 canalibus
1363 2644 1540 2758 praediti,
1567 2650 1723 2724 cochlea
1734 2676 1819 2748 par
1926 2747 1929 2755 r

237 2790 306 2858 va,
333 2765 498 2838 anterius
514 2766 553 2838 in
572 2792 702 2842 cavum
717 2771 881 2906 tympani
896 2765 1142 2868 prominente.
1166 2773 1377 2868 Aretomys
1383 2768 1521 2842 citillus
1544 2771 1732 2847 cochleam
1761 2799 1825 2848 oa·
1834 2854 1837 2862 Α

238 2888 361 2965 tendit
376 2891 458 2964 sere
476 2909 591 2966 totam
610 2895 649 2965 in
667 2889 768 2972 caro
764 2893 946 2994 tympani
970 2895 1079 2970 eitam
1090 2948 1103 2987 ,
1129 2889 1356 2972 veetihulum
1384 2880 1565 2990 amplum,
1600 2898 1823 2994 canalesque
1857 2911 1859 2916 '

189 3087 200 3096 ,
243 3031 455 3114 augustea)
476 3013 545 3090 aad
544 3039 748 3136 magnum
774 3015 957 3091 circulum
990 3019 1227 3093 formantes.¹
1250 3007 1384 3094 Cavia'o
1413 3014 1588 3117 cohayae
1603 3019 1794 3092 cochlea
1774 3045 1825 3090 ιιι
1928 3069 1933 3077 α

242 3157 382 3208 conum
401 3132 602 3236 angustum
630 3141 825 3239 elongata,
853 3157 982 3215 ettota
1000 3141 1080 3214 fere
1097 3141 1139 3213 in
1165 3164 1298 3216 cavum
1324 3134 1491 3241 tympani
1516 3146 1645 3243 jacens
1656 3195 1670 3233 ,
1707 3167 1823 3243 gyroe

239 3277 317 3336 trea
344 3279 382 3336 et
408 3261 617 3348 dimidium
629 3268 818 3380 continet,
855 3267 958 3366 qued
977 3268 1115 3343 Cuvier
1137 3267 1215 3359 x)
1204 3291 1244 3337 m
1272 3264 1438 3364 hystrice
1459 3267 1576 3338 etiam
1601 3269 1827 3370 obsonant
1860 3264 1863 3269 ’

240 3385 364 3482 Lepus
382 3386 538 3482 timidus
556 3413 674 3487 aeque
694 3415 737 3463 ae
757 3392 952 3494 cuniculus
968 3395 1159 3488 cochleam
1175 3409 1418 3492 praesentant
1438 3405 1628 3488 magnam,
1642 3393 1738 3490 parti
1757 3419 1825 3500 pe·
1826 3443 1828 3446 -
1848 3390 1866 3482 J

239 3525 363 3584 tresue
392 3513 593 3608 praecipue
620 3484 867 3610 insculptam,
904 3516 1056 3588 canales
1079 3531 1256 3618 extensae
1286 3515 1353 3588 aed
1380 3534 1584 3644 angustor,
1619 3510 1832 3590 fenestram.

239 3631 924 3734 utramquelimhoaatprominentea
940 3641 1160 3750 seinvicem
1187 3631 1410 3755 separatam
1426 3639 1625 3714 Braulca
1632 3694 1644 3730 ,
1663 3667 1689 3716 ι
1708 3641 1826 3718 rumi-

241 3751 585 3839 maurimontem
597 3757 737 3832 habena
745 3761 951 3880 planiorem
961 3765 1068 3861 quari
1077 3782 1353 3866 compressam,
1359 3759 1604 3862 megialetem
1616 3789 1660 3838 ae
1675 3759 1827 3862 longam

241 3888 278 3944 ct
285 3873 738 3976 canalaeangunmarmos
744 3885 1052 3980 Feraeaurlitu
1054 3887 1274 3961 ιιιιιιίιιίιιιο
1283 3886 1454 3977 donatae,
1464 3914 1633 3987 organon
1649 3888 1829 3966 exhibent·
1924 3947 1929 3971 ι

243 3998 352 4076 etiarn
363 4001 480 4096 magia
491 4003 685 4078 excultum.
696 4007 799 4080 Inter
807 4007 1058 4106 plautrgradaa
1067 4009 1166 4110 talpa
1175 4017 1370 4110 Europaeo
1385 4005 1534 4129 eminet,
1554 4011 1660 4097 cuiue
1674 4003 1827 4087 canales

242 4125 441 4203 laherruarn
451 4128 613 4205 cantate
617 4157 733 4204 cranu
742 4158 946 4232 oonapreur,
958 4135 1158 4208 eteochlea
1166 4125 1309 4210 cellulae
1319 4136 1579 4214 errenmcrnota
1587 4155 1658 4225 eat,
1667 4134 1741 4210 rllre
1752 4163 1829 4210 ιιι

241 4244 507 4338 ιιιιιιὶιιιὶἰίιιιιι,Ι
527 4253 959 4367 Sorexfothenaeaualea
971 4257 1848 4365 cochleamque,rat10nemagnrtudrmaoaprtra

282 4559 318 4636 ιι)
340 4558 360 4615 l.
384 4579 411 4621 c.
434 4561 478 4617 ll,
496 4562 527 4638 p.
551 4559 636 4642 475.

280 4655 319 4730 §ej
343 4663 468 4723 Ibidem.
490 4665 771 4740 Arotomyn-autem
788 4682 834 4726 tot
853 4672 932 4747 gyris
951 4673 1133 4728 instructum
1148 4673 1233 4744 esse,
1255 4675 1338 4752 quoa
1361 4675 1451 4734 etiam
1475 4669 1570 4745 dicit,
1602 4691 1752 4754 numquam
1774 4679 1824 4733 ob»

340 4768 458 4850 perpati
470 4787 485 4838 ι,
505 4769 538 4826 itt
558 4773 695 4829 omnihus
713 4773 833 4830 ιιοιιιιὶιὶ
851 4773 1012 4838 dunarum
1031 4771 1157 4836 dimidio
1175 4781 1289 4836 inveni.

1187 4885 1222 4954 I)
1263 4909 1287 4953 a
