4316 5416
352 459 396 510 rt

348 601 440 651 vero
466 573 550 662 solo
568 589 683 644 textu
709 569 890 644 celluloso
916 567 1049 669 parieti
1076 569 1247 668 junctos,
1272 565 1341 665 sed
1370 567 1413 637 -in
1440 563 1555 640 sulcis
1584 565 1842 650 decurrentem
1870 563 1935 662 qui

346 696 608 801 prominentiis
630 696 751 769 osseis
770 693 996 785 formantur,
1016 693 1209 796 primaque
1240 694 1379 768 indicia
1408 693 1596 804 uenalium
1618 715 1812 798 esseorum
1833 687 1931 760 refe·

348 835 446 920 munt.
482 824 514 892 E
539 819 618 917 Εἰς.
644 835 749 891 sexta
764 816 878 896 {Talu
906 819 967 888 [ll.
994 817 1066 891 niu
1092 816 1126 896 d.
1138 870 1150 906 ,
1177 817 1242 890 ubi
1263 819 1521 902 ahfexteriore·
1545 833 1584 890 et
1610 816 1931 915 superiore·parte

300 939 316 954 '⁸
346 947 467 1050 aperti
489 963 596 1031 sunt,
621 941 802 1016 decursus
828 961 955 1015 eorum
974 937 1118 1014 desumi
1137 959 1274 1040 petest.¹
1300 927 1465 1017 -Nervus
1490 940 1699 1028 seusticus,
1728 956 1856 1012 cavum
1875 939 1932 1010 iu·

347 1091 520 1168 gressus,
556 1066 706 1163 corpori
726 1063 813 1136 albo
832 1061 1024 1161 pultaeeo,
1051 1062 1154 1160 quod
1170 1063 1233 1134 lric
1255 1066 1359 1138 nervi
1376 1067 1492 1164 ipsius
1514 1062 1798 1138 intumescentia
1812 1084 1931 1160 paene

343 1217 428 1272 esse
451 1189 619 1277 videtur,
633 1205 685 1260 et
702 1187 893 1262 canalibus
919 1191 1110 1288 prospicit.
1162 1193 1205 1262 In
1229 1193 1426 1290 superficie
1450 1209 1601 1266 externa
1631 1189 1808 1266 vestibuli
1822 1215 1930 1288 supe·

337 1319 440 1390 riora
468 1327 596 1388 v'ersus
608 1331 783 1412 apertura
800 1311 1117 1403 ovalisoernitur,
1135 1313 1289 1388 nares
1302 1333 1317 1390 t
1329 1340 1379 1387 ra
1396 1316 1637 1390 vestibuli
1658 1339 1724 1388 seu
1745 1311 1872 1400 uvalis,
1883 1310 1930 1407 f)

235 1472 240 1494 ι
349 1439 532 1540 operculo
560 1436 803 1534 carulugineo
839 1437 1009 1526 occlusa,
1036 1417 1333 1526 fernim-ahili,
1360 1427 1500 1536 figura'e
1517 1441 1638 1540 aeque
1658 1427 1792 1528 oualis,
1809 1440 1926 1539 eujus

342 1562 565 1638 extremitati
592 1561 771 1634 exteriori·
796 1562 897 1634 basis
926 1560 1079 1635 ossiculi
1096 1551 1242 1633 auditus
1261 1561 1458 1635 adhaeret..

433 1689 516 1778 Hoc
540 1685 745 1782 simplicem
767 1683 1001 1758 columellam
1019 1707 1252 1778 seuseapum
1273 1675 1408 1772 refert,
1435 1685 1515 1758 basi
1539 1687 1742 1784 quidquam
1762 1679 1921 1761 crassior

335 1811 368 1883 ri
388 1830 426 1884 et
452 1825 646 1900 execrata,
668 1810 717 1918 g)
745 1809 854 1882 simili
872 1809 1017 1882 ratione
1038 1833 1111 1906 que
1129 1807 1315 1906 condylus
1330 1807 1488 1881 inferior
1506 1810 1603 1882 radii
1619 1811 1791 1906 humani,
1819 1799 1926 1911 apice

211 1929 214 1934 ’
286 1939 288 1944 ’
334 1922 462 2020 tenui,
490 1958 586 2030 quae
597 1987 609 2024 ,
639 1933 831 2032 superiore
849 1949 953 2030 parte
973 1929 1231 2020 membranae,
1259 1956 1389 2006 cavum
1414 1936 1584 2034 tympani
1611 1937 1674 2008 hic
1706 1937 1926 2026 fermentis,

334 2055 545 2152 perforata,
572 2056 652 2146 fere
673 2037 719 2130 ad
738 2055 987 2130 membranam
1006 2055 1171 2152 tympani
1190 2079 1308 2162 usque
1332 2057 1524 2154 procedit,
1554 2070 1666 2156 atque
1689 2058 1736 2132 ad
1759 2061 1925 2158 ejussu·

334 2180 525 2278 perficiem
547 2183 737 2254 internam
767 2206 839 2280 ope
869 2178 1099 2276 cartilaginis
1132 2177 1304 2276 affigitur.
1331 2176 1371 2275 h)
1399 2181 1538 2253 Omnes
1566 2185 1729 2256 noetomi
1762 2199 1925 2258 conten·

329 2303 445 2394 dunt,
464 2330 574 2378 ranas
593 2303 666 2407 duo
685 2303 823 2376 habere
840 2302 1001 2376 ossicula
1020 2300 1179 2388 auditus,
1200 2300 1300 2397 quod
1318 2319 1356 2374 et
1376 2306 1652 2379 recentissimus
1666 2307 1732 2380 ·Cl.
1761 2307 1876 2382 Carus
1888 2311 1925 2408 i)
1950 2385 1953 2388 .

327 2429 466 2526 repetit
474 2455 487 2521 3
515 2431 590 2502 hec
624 2455 720 2502 vene
739 2427 875 2500 falsum
893 2451 1003 2515 essey
1018 2452 1065 2498 ex
1086 2422 1168 2498 solo
1197 2425 1333 2498 intuitu
1360 2441 1474 2528 patet.
1501 2431 1614 2504 Solus
1636 2431 1693 2510 ΙΙΙ.
1722 2431 1857 2504 Cuvier
1883 2429 1920 2524 k)

330 2575 376 2624 ss
401 2575 476 2622 una
517 2567 627 2648 parte
651 2551 798 2623 ueritati
844 2553 1003 2650 propius
1031 2549 1200 2636 accedit,
1236 2549 1321 2622 dum
1334 2575 1393 2624 ex
1416 2553 1531 2644 altera
1556 2556 1671 2654 magis
1694 2557 1816 2630 adhuc
1839 2559 1947 2631 viti·'

328 2697 392 2746 um
417 2674 626 2748 committit.
651 2659 831 2773 Loquens
858 2699 993 2772 nempe
1020 2673 1067 2746 <le
1094 2675 1266 2748 ossiculis
1293 2675 1374 2749 istis
1395 2676 1542 2754 duobus
1564 2679 1716 2756 bufonis
1745 2701 1783 2755 et
1808 2709 1921 2758 ranae

214 2841 217 2848 ·
326 2800 624 2902 singularitatis
651 2802 891 2902 expressione
918 2799 1289 2889 etabsolutedicit,
1325 2818 1522 2900 utrumque
1556 2830 1599 2878 os
1637 2806 1920 2905 cartilagineum

328 2953 423 3003 esse.
443 2985 456 3005 ,,
476 2928 616 3002 cavum
643 2925 808 3025 tympani
835 2924 1000 2998 anterius
1027 2924 1073 2996 ab
1102 2947 1186 2996 osse
1213 2941 1420 3021 temporum
1446 2946 1488 2998 et·
1503 2927 1682 3022 quadrato
1693 2983 1706 3020 ,
1732 2937 1919 3030 posterius

260 3091 263 3098 .
327 3051 590 3142 amembmna
616 3052 720 3124 firma
746 3073 932 3124 necuere
968 3065 1076 3120 tense
1109 3045 1307 3134 formatur,
1343 3071 1439 3146 quae
1475 3049 1574 3124 inter
1606 3075 1648 3127 os
1675 3057 1920 3155 qtradraturn,

250 3172 256 3183 ‘
331 3190 540 3270 temporum
566 3189 606 3280 et
631 3173 811 3246 annulum
825 3170 1061 3244 membranae
1082 3170 1247 3266 tympani
1264 3172 1482 3270 expanditur
1507 3173 1540 3270 I)
1552 3228 1564 3264 ,
1585 3183 1921 3276 .atqun.in¹infimg

265 3311 275 3332 ·
330 3310 370 3368 et
384 3297 572 3370 'anteriori
599 3317 704 3398 purte
731 3313 940 3398 aperturam
966 3318 1140 3393 magnam
1165 3302 1217 3386 ιιι)
1243 3297 1441 3396 relinquit,
1469 3300 1575 3408 cujus
1602 3331 1728 3403 margo
1748 3311 1918 3408 superior

328 3419 376 3493 ab
395 3442 545 3494 eaesae
573 3421 740 3519 hyoideo
767 3432 867 3494 tecta
891 3422 945 3506 n),
961 3418 1119 3494 inferior
1135 3417 1181 3494 ab
1197 3444 1282 3494 osse
1308 3422 1490 3520 quadrato
1508 3426 1628 3501 formu
1636 3448 1702 3504 tur.
1730 3435 1802 3509 Per
1821 3425 1919 3510 haue

325 3544 469 3621 directe
495 3571 582 3619 cum
608 3545 779 3619 saucibus
806 3543 1075 3632 communicat,
1102 3561 1140 3616 et
1174 3543 1229 3615 sie
1255 3545 1412 3642 primunr
1438 3546 1617 3623 indicium
1648 3553 1760 3629 tubae
1785 3557 1916 3634 Euius

323 3671 480 3749 chianee
507 3667 671 3770 praebet.
726 3673 961 3770 Quamquam
987 3665 1091 3742 nullo
1128 3667 1239 3740 modo
1266 3666 1392 3743 tubam
1427 3659 1704 3769 repraesentat,
1739 3679 1805 3751 sed
1831 3681 1918 3754 sim·

303 3793 407 3894 'plex
432 3793 601 3866 foramen
627 3807 708 3883 est,
736 3811 880 3898 mmen,
908 3817 956 3864 ne
982 3789 1222 3864 terminorum
1250 3815 1400 3890 gregem
1427 3795 1643 3876 immensam
1670 3825 1847 3898 augeam,
1876 3823 1914 3878 et

454 3986 457 3994 ,
613 3983 616 3990 .

362 4081 404 4158 f)
426 4089 497 4146 Tel).
519 4081 578 4150 Ill.
599 4087 664 4163 rig.
685 4089 721 4145 V.
735 4103 793 4158 ‚e-

295 4189 803 4268 ⁸nsTnlullLFilea.

356 4286 391 4363 b)
415 4295 587 4378 ossiculum
602 4295 776 4386 reptilium,
798 4294 844 4378 uti
866 4291 943 4352 illud
960 4295 1078 4366 arium,
1100 4297 1220 4360 nomiae
1243 4300 1488 4360 columellae
1517 4295 1689 4378 insignitur,

368 4388 440 4470 1‘)l.
465 4396 516 4454 eit.
539 4413 570 4470 p.
594 4393 665 4457 258.

367 4497 400 4564 k)
422 4495 536 4572 Laeuus
558 4481 739 4556 ‹l'aualomie
761 4473 917 4578 comparis
938 4503 979 4564 11.
1001 4521 1033 4580 p.
1051 4498 1129 4580 ⁴507.
1160 4509 1164 4514 '
1238 4497 1240 4506 ¹

365 4603 393 4673 1)
415 4600 486 4655 'l'ub-
512 4601 766 4678 111.Fig.V11.,
802 4620 829 4668 e,
