4316 5416
346 390 396 464 24
665 454 668 458 .

338 539 387 586 ne
409 507 537 608 diplas
556 501 734 596 teneriori
753 501 1000 579 circumtecta.
1036 499 1215 578 Continet
1235 499 1478 591 vestibulum,
1499 498 1649 575 canales
1670 500 1922 578 semicircula-

337 663 398 710 res
415 654 513 722 tres,
540 631 731 704 cochleam
738 681 751 719 ,
778 623 816 702 c't
836 645 994 701 meatum
1012 625 1238 704 auditorium
1262 627 1469 713 internum,
1496 649 1526 705 s.
1556 625 1677 697 sinum
1696 628 1922 721 anaeticum,

337 777 377 834 et
392 752 686 832 modificationes
703 751 819 825 multo
842 749 1036 851 pauciores
1057 747 1177 837 subit,
1206 775 1316 846 quam
1345 751 1512 848 reliquae
1533 749 1631 823 auris
1661 738 1797 849 partes}

336 907 348 932 ·
440 879 683 974 Vestibulum,
692 876 825 955 cavum
850 875 947 954 sistit
966 877 1191 975 oblongum,
1217 877 1264 950 ab
1293 873 1395 951 intus
1426 877 1609 953 exteriora
1636 903 1766 984 tereus
1792 877 1924 966 ¹eitum,

336 1023 377 1082 et
400 1005 601 1115 paullulum
618 1002 846 1107 ascendens,
864 1001 980 1102 qued
994 1003 1113 1082 crista
1130 1005 1170 1077 iu
1189 1003 1279 1076 duas
1306 1002 1434 1078 foueas
1460 1003 1658 1094 dividitur,
1676 1005 1925 1106 posteriorum

339 1130 545 1228 alteratus.
570 1096 924 1228 hemispbuericaiu,
951 1125 1107 1204 alteram
1134 1126 1400 1228 ιιιιιιὶοιιιιιι
1423 1121 1745 1235 bemielliptioam,
1767 1154 1799 1201 a
1808 1133 1930 1225 figura

299 1311 301 1320 s
337 1252 390 1324 ita
416 1249 634 1334 nominatas
678 1251 857 1366 Septem
869 1231 1118 1327 foraminibus
1143 1275 1226 1323 cum
1258 1249 1512 1348 adjacentibus
1540 1253 1639 1324 cavis
1666 1252 1932 1332 communicem

339 1376 507 1474 quinque
526 1399 666 1489 nempe
688 1401 781 1448 cum·
797 1374 1007 1464 canalibus,
1033 1389 1110 1446 un'o
1136 1397 1218 1448 cum
1231 1373 1413 1462 cochlea,
1440 1389 1478 1458 et
1500 1402 1577 1450 uno
1599 1403 1681 1452 cum
1710 1399 1801 1452 caso
1829 1387 1931 1473 tym··j

337 1498 459 1626 pani.
465 1479 623 1582 Canales
642 1497 938 1580 ιιιιιίιὶιιιιίιιιι
959 1481 1059 1576 ossei
1075 1513 1151 1569 tres
1172 1489 1288 1599 magis
1305 1523 1327 1570 a
1345 1497 1542 1572 vestibulo
1548 1501 1693 1590 remoti,
1716 1511 1753 1571 et
1773 1497 1930 1596 quidem

334 1589 521 1720 posterius
539 1617 715 1730 repulsi,
728 1645 846 1716 quarn
863 1619 905 1690 iu
932 1610 1130 1707 avibus,
1109 1644 1149 1696 ιιι
1174 1620 1401 1718 superiorem
1421 1623 1672 1736 posteriorem
1687 1640 1725 1694 et
1745 1623 1921 1697 horinon·

262 1739 269 1760 '
333 1742 444 1813 talam
449 1767 494 1848 s,
524 1761 716 1817 autunum
744 1741 1037 1863 distinguuntur,
1063 1760 1224 1856 ιιιιιιιιιιι
1243 1737 1304 1819 hic
1332 1745 1477 1819 duobus
1507 1745 1620 1818 ostiis
1636 1771 1718 1818 cum
1739 1731 1924 1820 vestibulo

337 1841 606 1978 communicat,
642 1866 817 1978 superior
849 1866 1078 1946 extremitate
1114 1866 1292 1941 auteriori
1331 1886 1370 1941 et
1398 1867 1587 1966 posterior
1612 1868 1820 1943 inferiori
1818 1895 1926 1968 sepa·

335 1993 465 2093 ratim,
503 1991 604 2064 illius
640 2008 764 2064 autem
801 1963 1015 2064 extremitas
1046 1994 1233 2090 posterior
1269 2009 1307 2066 et
1343 1993 1452 2092 hujus
1486 1992 1650 2066 anterior
1686 1993 1725 2064 in
1761 1991 1932 2070 canalcnr

334 2137 591 2215 communem,
624 2115 842 2215 longiorem<
861 2115 993 2200 codena
1027 2113 1154 2196 ariam
1168 2146 1180 2207 ',
1218 2119 1464 2218 conjunctae,
1492 2143 1568 2192 uno
1605 2116 1706 2216 ostio
1739 2117 1780 2190 in
1814 2117 1924 2192 vesti·

331 2245 460 2348 bulum
487 2269 527 2316 sa
542 2281 546 2316 :
562 2242 743 2342 aperiunt.
797 2239 1046 2320 Oriiiciorum„
1064 2243 1136 2319 tria·
1177 2243 1293 2323 ,etiam
1316 2229 1537 2330 dilatantur,
1571 2258 1609 2313 et
1637 2221 1787 2338 quidem
1814 2267 1922 2342 supa·

335 2369 446 2442 rioris
465 2365 760 2440 et·horizsntalis
774 2362 966 2453 austerius,
993 2370 1284 2468 posteriorisque
1314 2367 1473 2441 inferius
1483 2419 1496 2456 ,
1525 2391 1569 2438 ea
1588 2367 1775 2441 tamenab
1795 2365 1921 2440 avibus
1947 2467 1951 2472 Ι

331 2485 567 2574 differentia,
596 2487 699 2584 quod
719 2487 841 2560 nullas
858 2483 1035 2586 ampullas
1056 2491 1217 2566 forment
1235 2503 1341 2566 extus
1363 2491 1607 2589 conspicuas,
1631 2493 1699 2566 sed
1719 2477 1916 2566 solummo-

229 2648 232 2652 ·
336 2609 386 2682 do
405 2608 501 2684 ostia
525 2610 566 2681 in
580 2609 731 2683 modum
747 2611 972 2696 infundibuli
992 2613 1188 2728 ampliata
1178 2629 1326 2728 interne
1346 2631 1555 2714 appareant
1582 2611 1625 2684 Ιιι
1647 2614 1752 2689 foetu
1773 2629 1810 2685 et
1833 2637 1924 2684 neo·

274 2765 276 2776 ·
335 2752 425 2808 nato
441 2759 528 2833 pars
549 2709 758 2809 cerebelli
747 2755 845 2810 intra
863 2763 1020 2812 arcume
1038 2725 1158 2814 canali
1176 2737 1357 2838 superiori
1379 2719 1575 2810 formatum
1599 2752 1794 2833 penetrat,
1822 2749 1875 2812 et
1886 2733 1926 2804 iu

338 2857 459 2932 fundo
484 2883 548 2932 vas
571 2859 822 2956 sanguiferum
850 2879 1010 2958 apparet.
1045 2863 1172 2976 Serius
1191 2864 1278 2976 lric
1280 2887 1384 2936 arcus
1413 2859 1619 2934 substantia
1647 2883 1755 2930 ossea
1773 2857 1925 2956 penitus

320 2980 525 3079 impletur.
561 2979 720 3054 insidet
727 2979 912 3054 vestibulo
937 2984 1063 3056 alveus
1094 2971 1300 3060 eommunis
1335 2965 1686 3072 membranaceus,
1683 3006 1811 3054 cavum
1848 3009 1925 3056 nou

336 3105 487 3207 penitus
515 3111 723 3202 occupans,
752 3103 837 3178 dum
858 3106 1043 3206 reliquum
1066 3097 1227 3206 spatium
1247 3095 1341 3208 aqua
1369 3106 1626 3207 limpidissima
1651 3103 1828 3204 repletur.
1854 3105 1927 3180 Ca·

338 3229 448 3303 noles
469 3226 761 3328 membranacei,
799 3229 965 3330 ejusdem
995 3231 1158 3305 nominis
1177 3248 1215 3304 et
1234 3227 1451 3306 directionis
1477 3231 1578 3306 sod
1571 3229 1724 3304 minoris
1744 3211 1925 3340 diametri,

335 3378 446 3454 quam
467 3352 589 3442 ossei,
616 3352 655 3424 iu
674 3352 760 3424 loco
781 3351 1035 3458 dilatationem
1053 3352 1224 3430 illarum
1214 3381 1254 3426 ιιι
1270 3354 1445 3452 ampullas
1461 3335 1655 3442 inflantur,
1677 3371 1714 3425 et
1733 3353 1840 3427 alveo
1861 3349 1925 3424 ad·

335 3481 551 3548 nectuntur
572 3474 725 3572 Repleti
744 3493 832 3547 sunt
854 3503 950 3574 aqua
968 3477 1138 3580 limpida,
1158 3498 1195 3554 et
1224 3478 1403 3578 ampullae
1426 3477 1644 3578 expansioni
1674 3499 1833 3548 nerveae
1859 3475 1924 3554 de·

336 3599 505 3672 sliuatee
530 3595 668 3672 Alaeus
689 3623 808 3698 aeque
829 3585 872 3672 ac
890 3601 1181 3730 canaleeparieti
1201 3628 1311 3678 osseo
1330 3603 1533 3676 filamentis
1545 3597 1770 3675 cellulosis'
1757 3605 1920 3697 jungun-

336 3741 406 3800 tur
438 3727 618 3798 Fenestra
635 3720 806 3796 vestibuli
815 3778 834 3815 ,
845 3753 917 3824 qua
939 3751 1068 3802 cavum
1083 3723 1247 3833 tympani
1263 3725 1426 3832 respicit,
1445 3727 1486 3797 in
1503 3717 1677 3834 auteriori
1698 3739 1734 3797 et
1754 3705 1925 3797 inferiori

336 3859 443 3946 parte
464 3847 544 3957 ejus
567 3845 738 3946 perfossa
755 3859 833 3938 est,
862 3865 902 3922 ct
920 3848 1038 3922 basim
1055 3850 1246 3949 stapedis
1235 3878 1275 3922 ιιι
1290 3849 1462 3972 margine
1482 3869 1635 3924 externo
1654 3832 1799 3923 sulcato
1826 3849 1925 3923 exci-

335 3971 401 4068 pit
429 3973 616 4046 Forameu
635 3971 814 4062 ultimum,
836 3973 956 4047 aditus
979 3975 1029 4046 ad
1047 3973 1253 4062 cochleam,
1268 3973 1426 4076 exterius
1446 3989 1484 4046 et
1503 3971 1671 4062 inferius,
1688 3993 1807 4068 quam
1816 3997 1923 4070 prae·
1935 4067 1938 4075 .

266 4151 269 4158 .
340 4095 501 4185 cedens,
515 4096 650 4186 situm,
679 4096 912 4171 cochleam
901 4123 1017 4201 ipsam
1042 4099 1180 4215 inquiri
1205 4099 1322 4200 jubet.

441 4219 577 4322 Catum
597 4219 741 4322 effingit
757 4214 910 4295 c'ochlea
938 4205 1183 4316 conoideum,
1209 4227 1315 4324 cujus
1346 4221 1477 4296 basis
1466 4222 1621 4294 interius
1648 4243 1774 4304 versus
1795 4225 1924 4290 davum

339 4344 479 4434 cranii,
503 4370 594 4446 apex
614 4348 773 4418 exterius
793 4372 920 4420 versus
943 4349 1108 4450 tympani
1132 4375 1260 4422 cavum
1285 4323 1447 4447 spectat,
1471 4347 1517 4419 ab
1539 4343 1602 4442 illa
1629 4343 1797 4416 adhunc
1818 4341 1926 4442 quid·

340 4493 454 4570 quam
478 4467 703 4550 inclinatum.
739 4475 794 4543 Ει
808 4565 809 4570 ¹
825 4493 957 4548 centro
977 4473 1112 4550 baseos
1132 4475 1332 4568 emergitur
1359 4471 1564 4558 modiolus,
1582 4471 1649 4568 qui
1673 4471 1767 4543 arim
1787 4470 1927 4546 consti·

337 4611 468 4682 tuens,
488 4594 642 4680 eundern
663 4573 913 4672 directionem
929 4597 1117 4699 sequitur,
1132 4596 1200 4672 sed
1218 4600 1362 4698 apicem
1384 4587 1461 4674 non
1481 4597 1669 4694 attingens
1690 4595 1781 4672 dues
1800 4596 1927 4670 tertios

338 4717 487 4792 circiter
504 4739 627 4820 partes
644 4724 720 4796 axis
739 4703 907 4824 integrae
927 4721 1148 4822 assequitur.
1167 4723 1275 4799 Circa
1291 4725 1391 4808 hunc
1409 4721 1610 4804 modiolum
1632 4722 1772 4822 canalis
1793 4720 1924 4798 decur-
