4316 5416
353 381 372 438 2
441 395 445 404 ·
865 431 869 438 ι
1562 396 1575 414 ··
1890 417 1894 424 .

353 523 507 602 quarum
528 465 718 597 quaelibet
737 499 931 572 sacculum
944 496 1266 569 membranaceum
1298 493 1932 598 oralefvetpotimpyrifemem

351 624 541 712 eontinet,
568 623 673 722 apice
704 623 954 723 superiorem,
989 619 1110 693 fundo
1136 621 1350 702 inferiorem
1381 621 1462 696 cavi
1489 638 1630 717 partem
1649 624 1930 720 respicientem,

348 768 539 846 totamque
554 749 747 822 cavitatem
764 775 842 822 non
862 747 1081 848 explentem.
1135 746 1302 848 Spatium
1322 747 1421 820 inter
1440 773 1524 819 cum
1545 767 1584 822 et
1600 747 1730 824 foveae
1752 752 1929 850 parietem

341 875 502 947 humore
528 898 672 972 aquoso
700 873 883 972 repletum
912 891 989 964 est,
1015 895 1054 962 et
1071 889 1150 978 tota
1171 873 1384 974 superficies
1400 869 1560 970 ⁴interna
1588 876 1752 972 caritatis
1782 877 1927 951 canulis
1953 975 1956 980 .

345 998 501 1072 obsessa
516 999 746 1086 substantiae
771 1022 890 1095 aeque
921 999 1227 1096 cartilaginosae‚
1251 997 1318 1072 aed
1345 995 1548 1088 mollioris,
1576 1025 1732 1094 quorum
1752 1025 1926 1080 numerus

343 1116 479 1203 variat,
497 1116 595 1188 inter
615 1143 699 1205 sex,
726 1122 835 1206 octo,
863 1124 901 1189 e‘t
925 1118 1043 1218 pl‘ura.
1070 1113 1108 1209 b)
1135 1099 1313 1193 sacculus
1334 1123 1414 1218 ipse
1437 1113 1586 1215 liquore
1606 1119 1759 1216 limpido
1779 1123 1924 1219 plenus,

283 1292 288 1301 ·
342 1241 603 1339 corpusculum
624 1239 793 1315 continet
807 1238 956 1327 durius,
982 1267 1102 1338 paene
1120 1253 1267 1312 osseum
1294 1249 1354 1329 c),
1390 1241 1514 1339 quoad
1534 1243 1690 1315 formam
1708 1243 1835 1316 incudi
1855 1246 1924 1320 hu·
2028 1303 2031 1306 .
2071 1221 2075 1228 Ι

343 1385 474 1435 manae
500 1388 579 1436 non
617 1342 808 1451 absimile,
824 1361 942 1460 ‚cujus
973 1383 1080 1432 crura
1112 1362 1254 1468 recenti
1280 1362 1446 1470 instate
1472 1357 1679 1464 pellucido,
1706 1365 1844 1440 siccata
1874 1355 1958 1441 al?

268 1475 271 1482 ’
338 1485 517 1577 beseunt,
544 1513 679 1586 corpus
704 1503 826 1560 autem
850 1473 999 1582 'semper
1034 1483 1178 1575 aihum,
1211 1507 1334 1562 cretae
1369 1488 1544 1567 adinstar.
1602 1491 1732 1563 Facies
1761 1516 1925 1564 convexa

336 1636 504 1700 sursum,
532 1635 695 1683 concava
710 1607 883 1682 deorsum
912 1624 1065 1706 spectat.
1118 1613 1262 1688 Nervus
1289 1612 1475 1700 seusticus
1498 1630 1641 1712 aparte
1665 1613 1837 1688 inferiori
1856 1641 1920 1688 an·

336 1736 415 1807 nuli
431 1735 630 1808 cerebralis
652 1750 821 1821 exortus,
851 1732 1066 1834 cartilagine
1092 1733 1278 1830 perforata
1307 1734 1447 1807 sacculi
1466 1735 1608 1833 apicem
1634 1735 1770 1823 intrat,
1798 1739 1837 1806 in
1859 1763 1925 1810 cu·

334 1859 395 1957 jus
417 1839 612 1957 superficie
633 1859 780 1932 interna
806 1855 925 1928 forma
947 1853 1081 1952 pulpae
1114 1852 1339 1954 expanditur.
1392 1859 1446 1926 Ex
1471 1855 1546 1931 situ
1573 1857 1786 1954 corpusculi
1808 1855 1920 1936 modo

333 1977 523 2086 descripto
551 1983 730 2084 suspicari
756 1983 837 2056 fors
861 1981 1153 2070 liceunervum
1176 1979 1227 2068 ‚ad
1261 1979 1529 2054 convexitatem
1557 1981 1637 2079 ejus
1666 1979 1862 2072 diramari,
1889 1984 1923 2056 si

187 2109 195 2136 ⁸
253 2109 256 2118 ’
333 2110 503 2202 ducimur
533 2110 715 2207 analogia,
735 2105 919 2212 classium·
937 2103 1083 2204 aliquot
1101 2101 1307 2198 altiorum,
1333 2103 1399 2186 ubi
1425 2104 1686 2204 corpusculum
1706 2102 1780 2200 hoe
1806 2106 1921 2204 magis

335 2234 523 2324 evolutum
537 2235 789 2326 ,lucenicanus
912 2319 920 2336 ι

1094 2437 1156 2513 ΠΙ.

959 2619 1288 2696 Crustaeca

432 2835 486 2906 Ex
511 2830 570 2905 his
597 2847 823 2905 astacum
847 2823 1153 2926 fluviatilem
1180 2823 1227 2894 ad
1256 2821 1548 2924 descriptionem
1569 2841 1608 2901 et
1629 2819 1916 2902 delineationem

330 2955 453 3058 elegi,
480 2956 611 3062 inquo
631 2976 798 3050 organon
828 2947 973 3030 auditus
997 2953 1054 3028 s'at
1081 2927 1288 3028 luculenter
1304 2963 1417 3047 patet.
1468 2944 1559 3022 Basi
1579 2933 1712 3048 nempe
1734 2967 1916 3024 antenna-

330 3103 411 3148 rum
433 3077 612 3174 majorum
637 3070 815 3146 adnexam
845 3067 1010 3143 videmus
1038 3095 1108 3168 ope
1136 3069 1367 3144 membranae
1395 3088 1537 3169 partem
1563 3073 1721 3178 interius
1742 3073 1782 3144 in
1808 3075 1915 3172 palae

330 3201 479 3274 modurn
498 3212 727 3286 excavatum,
755 3193 858 3270 extus
877 3194 918 3266 in
934 3219 1070 3266 conum
1088 3190 1260 3264 obtusum
1286 3197 1543 3294 prolongatam
1552 3248 1565 3289 ,
1593 3193 1717 3294 quoad
1740 3193 1913 3268 substan·

328 3328 417 3400 tiam
436 3325 592 3423 reliquis
613 3321 781 3420 corporis
809 3320 944 3392 crustis
971 3339 1202 3413 comparem,
1229 3303 1527 3420 exeepto'cono',
1554 3301 1619 3418 qui
1647 3318 1791 3407 durior,
1819 3318 1912 3393 alhi-
1947 3386 1950 3392 ,

157 3439 159 3445 ’
203 3469 205 3474 ’
326 3452 430 3542 dior,
458 3449 664 3524 substantia
690 3442 931 3544 compactiori
950 3440 1106 3513 calcaria
1125 3437 1304 3512 formatus
1325 3459 1391 3518 est,
1428 3445 1472 3514 In
1498 3443 1694 3542 superficie
1723 3447 1803 3545 ejus
1823 3472 1909 3545 pos·
1973 3445 1976 3454 '

325 3579 453 3652 teriori
474 3600 590 3680 prope
608 3573 750 3671 apicem
778 3571 869 3669 (nec
890 3593 979 3642 vero
1000 3566 1040 3636 in
1067 3559 1171 3662 apice
1188 3557 1382 3659 ¹ipso,-uti
1408 3566 1472 3642 alii
1490 3586 1528 3642 et
1546 3569 1627 3667 ipse
1646 3569 1785 3668 Scarpa
1810 3569 1910 3642 dixe·

326 3709 426 3792 runt)
455 3702 625 3776 foramen
642 3714 795 3796 apparet
812 3693 891 3772 fere
912 3687 1129 3776 rotundum,
1156 3685 1369 3762 membrana
1395 3689 1485 3767 furti
1513 3710 1551 3764 et
1569 3711 1676 3766 tensa
1696 3691 1908 3778 ocdusum,
2013 3779 2021 3788 δ

325 3824 373 3896 ah
390 3824 450 3896 111.
468 3824 609 3920 Scarpa
633 3843 713 3892 non
739 3817 865 3916 inepte
892 3813 1105 3896 membrana
1130 3811 1317 3886 fenestrae
1339 3814 1742 3892 vestibulinominata.
1769 3811 1912 3900 Carum

326 3945 398 4020 hac
424 3947 570 4022 ratione
596 3943 796 4020 formatum
818 3940 996 4016 interiora
1024 3963 1151 4018 remus
1179 3949 1370 4038 apertum,
1406 3941 1594 4036 sacculum
1631 3937 1768 4040 exeipit
1795 3961 1908 4012 tuem·
2023 3943 2032 3955 ’

321 4141 726 4168 h——--·—‘

365 4233 405 4318 ὗ)
426 4241 558 4309 Οιινίετ,·
581 4242 684 4313 laeuus
701 4239 728 4294 d'
748 4237 897 4296 anatomia
914 4233 1081 4310 conparet.
1109 4235 1195 4292 Parit
1219 4231 1307 4296 1005.
1331 4237 1372 4294 11.
1394 4253 1425 4310 p.
1448 4235 1598 4307 [potsunt
1621 4232 1747 4288 conules
1766 4233 1798 4286 in
1828 4230 1906 4286 Leli-

429 4343 499 4416 εἰπε
518 4353 550 4397 at
571 4354 680 4416 oetcpo
701 4351 806 4415 nagan
829 4338 883 4395 scd
897 4341 931 4394 iu
950 4341 1088 4414 loligina
1102 4341 1212 4396 adsum
1229 4341 1331 4398 cadem
1350 4343 1464 4409 forma,
1487 4347 1518 4402 at
1533 4355 1680 4404 numero,
1702 4336 1747 4391 uti
1763 4333 1795 4390 iu
1811 4333 1908 4390 offici·

425 4445 496 4504 nali.
540 4445 586 4500 Aa
611 4447 642 4502 in
661 4457 772 4519 oetopo
788 4459 893 4501 revera
911 4442 1068 4516 deficiant,
1090 4445 1211 4513 nereio,
1234 4462 1302 4500 eum
1328 4443 1447 4501 occatio
1465 4461 1531 4500 eum
1554 4438 1737 4500 examinandi
1756 4440 1829 4496 milri
1848 4455 1908 4494 non

428 4547 533 4607 fuerit.

283 4673 285 4678 ·
365 4649 393 4712 cl
415 4648 450 4702 In
472 4661 582 4724 octopo
614 4651 755 4720 mollius,
785 4661 951 4708 cretaceum
982 4667 1068 4720 esse,
1101 4659 1132 4708 at
1154 4647 1268 4706 lernae
1291 4649 1410 4706 tonicae
1432 4649 1527 4707 relect
1546 4647 1658 4726 Scarpa
1679 4632 1711 4704 in
1735 4637 1907 4706 anatomicis

430 4754 697 4831 disquisitionibus
712 4754 748 4811 da
769 4753 874 4814 auditu
892 4766 922 4814 et
944 4743 1066 4820 ellectu,
1107 4753 1205 4812 'ttetm
1231 4755 1318 4834 1789.
1341 4745 1371 4836 ᾗ.
1393 4753 1429 4813 X.
1504 4819 1509 4832 Ι
