4316 5416
919 518 923 526 .
1729 445 1773 525 rs

292 579 471 658 Saeculus
502 597 588 650 eum
602 575 759 649 macria
774 593 942 648 cretaeae
969 573 1094 664 molli,
1130 573 1400 651 infracturum
1426 596 1465 653 et
1493 595 1602 683 sn'prn
1622 591 1776 666 ossiculi

186 709 302 784 hasim
320 707 487 808 potitus,
505 725 724 800 ‹quampro
740 717 848 797 porta
866 701 969 798 tagit
1006 703 1057 772 ln‘
1068 697 1306 782 salamandra
1331 719 1371 774 et
1395 727 1485 776 rana
1510 707 1678 782 saeculus
1708 707 1775 788 mi·
1806 721 1812 728 '
1891 806 1897 814 ,

81 825 85 828 ’
122 867 124 870 ·
186 855 257 904 uua
273 831 388 904 bene-
405 821 694 933 distinguendus
701 851 714 918 3
741 824 781 894 in
801 823 990 918 testudine
1008 807 1351 914 manifestissimus,
1378 821 1449 899 sad
1466 837 1687 911 massa‘alba
1706 853 1772 939 pei
1803 845 1806 852 '

186 954 288 1026 nitus
316 953 494 1032 refertust
521 946 666 1044 reliqu&
683 937 768 1045 pals
785 943 958 1019 vestibuli
974 969 1069 1041 &qut
1082 944 1344 1050 limpidissima
1358 949 1479 1050 plena.
1501 945 1650 1034 Nerius
1669 987 1775 1038 acus*

105 1069 109 1076 ’
188 1083 288 1156 tieus
307 1105 353 1152 ex
372 1077 537 1152 medulla
556 1074 761 1172 oblongata
780 1089 929 1145 eronus
949 1095 1017 1168 per
1042 1049 1230 1148 foramina
1248 1075 1323 1150 duc
1341 1079 1492 1176 parietis
1512 1069 1630 1175 ossei,
1658 1111 1778 1186 quem·
1857 1119 1860 1124 ·

191 1233 270 1279 non
287 1203 566 1300 cartilagineum
581 1222 650 1299 pro
669 1217 774 1300 parte
795 1199 869 1274 villi
877 1253 889 1290 ,
917 1199 970 1274 uti
987 1201 1165 1302 Scarpa
1175 1253 1187 1292 ,
1213 1209 1247 1291 t)
1268 1205 1490 1278 vestibulum
1507 1209 1712 1308 ingreditur
1729 1223 1774 1306 t),

193 1313 231 1402 ct
253 1326 373 1422 altero
393 1349 495 1398 ramo
510 1323 713 1423 posteriori
729 1324 879 1398 saeculo
897 1343 937 1398 et
950 1325 1130 1425 ampullae
1148 1330 1288 1403 canalis
1305 1332 1542 1430 posterioris,
1570 1317 1687 1411 altero
1707 1365 1773 1412 an·

194 1452 323 1526 teriori
335 1452 441 1544 ‚infre
463 1451 655 1526 sacculum
674 1448 900 1524 ascendente
919 1449 1073 1548 reliquis
1092 1455 1271 1554 ampullis
1287 1455 1476 1554 prospicit.
1491 1461 1534 1530 ln
1545 1457 1721 1534 inferiori
1739 1479 1778 1536 et

192 1580 367 1652 exteriori
376 1598 481 1678 parte
499 1575 674 1652 vestibuli
682 1573 1035 1674 fenestra'ejusdem,
1046 1571 1228 1650 rotundae
1240 1577 1319 1652 lere
1339 1579 1498 1671 formae,
1509 1603 1672 1682 apparet,
1682 1606 1778 1684 quae
1878 1629 1881 1634 Α

192 1703 273 1775 basi
286 1687 505 1775 columellae
521 1702 669 1801 penitus
681 1699 871 1798 clauditur.
891 1704 995 1774 Basia
1014 1703 1094 1802 ejus
1109 1719 1231 1772 autem
1249 1720 1288 1774 et
1303 1729 1386 1800 pars
1402 1707 1587 1778 manubrii
1605 1726 1706 1782 extra
1722 1705 1777 1783 le*
1842 1713 1848 1730 ⁸

192 1849 364 1903 nestram
386 1854 565 1929 processu
583 1852 693 1910 osseo
721 1833 911 1926 utrimque
928 1828 980 1900 ita
999 1827 1263 1914 circumdatur,
1299 1845 1340 1900 ut
1357 1829 1476 1927 primo
1491 1811 1495 1817 ι
1510 1851 1663 1932 aspectu
1689 1857 1777 1909 eam

124 2021 125 2026 ,
193 1958 291 2028 intra
312 1953 536 2026 vestibulum
561 1969 660 2033 retro
680 1952 887 2024 fenestram
906 1950 1068 2047 positam
1089 1947 1272 2025 crederes.
1299 1952 1534 2056 Manubrium
1549 1955 1689 2030 lineam
1708 1960 1779 2031 cir·

194 2080 289 2156 citer
306 2077 424 2154 libere
452 2093 710 2176 progressum,
744 2072 989 2146 canaliculum
1014 2081 1168 2146 osseum
1194 2073 1452 2164 iutrat',.·duas
1470 2078 1524 2152 -ad
1551 2063 1626 2153 tres
1658 2081 1779 2157 lineas

194 2206 369 2303 longum,
398 2202 519 2302 quiin
538 2199 735 2300 superficie
758 2197 936 2310 anteriori
966 2197 1100 2269 cristae
1130 2219 1282 2287 osseae,
1324 2225 1420 2297 quae
1453 2227 1581 2275 cavum
1606 2210 1798 2308 tympani=
1871 2275 1873 2278 .
1929 2266 1931 2276 .

94 2341 99 2350 '
195 2329 235 2402 iu
261 2329 353 2402 duas
374 2325 505 2399 dividit
529 2342 674 2424 partes,
701 2325 837 2406 finitur,
864 2327 1067 2421 Egressum
1090 2346 1134 2394 ex
1143 2322 1216 2395 hoc
1227 2319 1272 2396 ad
1285 2324 1547 2402 membranam
1562 2330 1642 2405 lere
1659 2357 1779 2437 usque

193 2451 368 2552 tympani
391 2450 532 2548 pergit,
561 2451 625 2522 ubi
646 2451 750 2527 brevi
775 2448 923 2530 vinculo
954 2445 1216 2543 cartilagiueo,
1252 2446 1424 2550 radiatim
1452 2450 1779 2530 millemortuus
1869 2529 1874 2540 ,

180 2559 348 2677 ¹gresso,
368 2572 538 2648 'fulcitur
567 2576 779 2654 Ossiculum
798 2575 965 2682 auditus,
1001 2599 1030 2646 s.
1055 2567 1252 2658 tournella,
1290 2571 1371 2644 basi
1397 2581 1605 2674 submagna
1620 2579 1779 2656 instrue·

197 2724 288 2795 tum,
308 2704 412 2804 cujus
432 2699 644 2800 superficies
663 2701 860 2776 interuaiu
875 2683 1023 2772 modum
1044 2694 1271 2768 infundibuli
1295 2719 1467 2773 excavata
1483 2716 1550 2780 est.
1573 2699 1609 2792 u)
1637 2704 1780 2782 Cavum
1833 2759 1838 2772 .
1938 2761 1940 2768 ,

158 2819 161 2824 ¹
198 2828 366 2930 tympani
387 2853 550 2920 osseum,
578 2827 744 2926 undique
764 2827 927 2901 clausum
944 2841 982 2898 et
1000 2851 1020 2895 a
1041 2822 1416 2922 soloosscquadrato
1431 2827 1780 2920 formatum-,erista

197 2973 399 3038 memorata
417 2955 751 3056 desuper-inferius
772 2952 1023 3026 descendente
1047 2950 1091 3022 in
1112 2950 1203 3023 duas
1221 2949 1396 3033 dividitur
1414 2951 1604 3043 cavitates,
1623 2979 1778 3052 marum

33 3087 37 3096 '
99 3107 103 3112 ·
199 3063 365 3156 anterior
382 3080 546 3179 oblonga
558 3079 757 3178 augtmtior
774 3100 895 3176 usque
910 3075 959 3147 ad
988 3099 1206 3172 mueronem
1225 3074 1442 3150 inferiorem
1469 3076 1702 3156 articulat-em
1719 3105 1780 3154 us·

83 3281 85 3286 ,
199 3203 251 3278 eis
270 3181 443 3301 quadrati
462 3219 648 3290 extensa„
659 3201 857 3302 proprium
873 3201 1044 3299 tympani
1070 3225 1199 3279 catum
1221 3199 1340 3272 sistit:
1368 3201 1483 3274 altera
1508 3206 1697 3301 posterior
1707 3207 1780 3303 ⁸ho·

198 3327 410 3417 ritenlalis,
435 3326 554 3408 libare
572 3324 799 3422 sumpsisti
830 3324 1143 3416 communicans,
1179 3349 1307 3432 cavum
1338 3307 1586 3400 accessorium
1619 3329 1781 3422 format,

200 3453 302 3552 quod
319 3453 358 3524 in
376 3450 570 3527 altioribus
591 3447 879 3548 variomodoct
894 3449 1096 3548 perfectius
1112 3464 1372 3526 *constructum
1392 3453 1525 3526 iterum
1533 3453 1782 3558 reperiemus.

89 3575 95 3586 ’
199 3575 425 3678 superficies
442 3577 590 3649 iuterna
609 3572 1038 3672 utriusqua'membraue
1054 3577 1184 3648 vestita
1214 3597 1272 3648 cst
1300 3580 1403 3652 tenui
1427 3578 1613 3677 pellucida
1644 3581 1780 3672 densa,

199 3715 422 3778 secernente
438 3698 702 3798 prohabiliter,
729 3699 798 3778 sed
828 3702 886 3773 vir
914 3700 1151 3778 delinienda..
1171 3705 1355 3800 Apertum
1378 3701 1488 3802 hujus
1519 3704 1599 3778 cavi
1631 3707 1806 3806 ertema,

202 3828 385 3926 oblonga,
412 3825 568 3903 inferius
586 3827 625 3896 in
645 3825 819 3924 angulum
838 3823 1082 3922 prolongata,
1110 3824 1160 3898 ita
1175 3843 1217 3900 ut
1231 3849 1350 3924 paene
1367 3825 1603 3923 triangularis
1630 3831 1779 3926 eradat,

200 3955 367 4054 margine
385 3953 525 4050 ubique
537 3965 659 4042 acuto,
678 3951 1090 4052 practer-incisuramiu
1104 3969 1215 4048 parte·
1226 3951 1437 4049 posteriori,
1457 3953 1671 4028 membrana
1684 3975 1782 4056 tym·

201 4083 290 4182 pani
315 4077 533 4170 obducitur,
562 4104 656 4176 quae
685 4079 840 4176 formam
866 4079 945 4176 ejus
974 4078 1164 4165 imitatur,
1192 4094 1230 4149 et
1245 4069 1290 4149 ex¹
1318 4075 1472 4173 obliquo
1497 4077 1780 4176 perpendicula·
1851 4061 1856 4066 ¹

204 4210 294 4282 riter
310 4195 468 4294 adlatus
486 4203 617 4304 ospitis
636 4205 787 4294 sita-est,
808 4206 861 4282 ita
880 4217 929 4282 ut.
944 4202 1102 4277 directio
1121 4201 1289 4278 diametri
1306 4200 1494 4276 verticalis.
1509 4202 1715 4302 quidquam
1732 4207 1778 4282 ab

208 4335 310 4408 extus
332 4333 377 4406 ad
396 4332 574 4406 interiora
592 4349 730 4428 vergat.
766 4324 931 4404 Incisura
954 4328 1017 4402 illa
1044 4343 1132 4401 eum
1161 4326 1388 4401 membrana·
1408 4330 1573 4428 tympani
1603 4330 1777 4404 foramen

204 4461 358 4549 format,
373 4485 453 4558 per
469 4458 570 4558 quod
590 4457 681 4531 tuba
699 4457 891 4534 Eustachii
919 4455 1180 4558 membraneus
1193 4479 1291 4550 *cum
1312 4467 1487 4554 tympano
1516 4455 1785 4529 cummunicat..
1814 4545 1819 4566 „

212 4587 540 4624 ——f—-v—t-

151 4673 156 4680 ·
243 4646 505 4723 dhmpffi

115 4739 127 4765 ⁴
246 4758 272 4820 ι)
295 4748 415 4805 Divisio
437 4750 510 4805 haec
532 4750 564 4806 in
585 4767 655 4809 raus
677 4750 756 4810 iutra
777 4747 961 4808 vestibulum
982 4744 1122 4839 efficitur.
1199 4819 1204 4848 ,
1243 4787 1244 4792 ,

244 4855 282 4936 ιι)
301 4855 382 4916 Τὼ
396 4853 448 4916 IV.
470 4854 507 4915 t.

745 5015 792 5090 Δ.
