<?xml version="1.0" encoding="UTF-8"?>
<!DOCTYPE html PUBLIC "-//W3C//DTD XHTML 1.0 Transitional//EN"
    "http://www.w3.org/TR/xhtml1/DTD/xhtml1-transitional.dtd">
<html xmlns="http://www.w3.org/1999/xhtml" xml:lang="en" lang="en">
 <head>
  <title>
</title>
<meta http-equiv="Content-Type" content="text/html;charset=utf-8" />
  <meta name='ocr-system' content='tesseract 3.04.00' />
  <meta name='ocr-capabilities' content='ocr_page ocr_carea ocr_par ocr_line ocrx_word'/>
</head>
<body>
  <div class='ocr_page' id='page_1' title='image "./expositiogenera00pohlgoog_0027.png"; bbox 0 0 4316 5416; ppageno 0'>
   <div class='ocr_carea' id='block_1_1' title="bbox 1096 493 1157 564">
    <p class='ocr_par' dir='ltr' id='par_1_1' title="bbox 1096 493 1157 564">
     <span class='ocr_line' id='line_1_1' title="bbox 1096 493 1157 564; baseline -0.033 0"><span class='ocrx_word' id='word_1_1' title='bbox 1096 493 1157 564; x_wconf 77' lang='lat' dir='ltr'><strong>xl.</strong></span> 
     </span>
    </p>
   </div>
   <div class='ocr_carea' id='block_1_2' title="bbox 326 697 1926 1563">
    <p class='ocr_par' dir='ltr' id='par_1_2' title="bbox 326 697 1926 1563">
     <span class='ocr_line' id='line_1_2' title="bbox 438 697 1925 822; baseline -0.004 -26"><span class='ocrx_word' id='word_1_2' title='bbox 438 719 550 796; x_wconf 85' lang='lat' dir='ltr'><strong>Addo</strong></span> <span class='ocrx_word' id='word_1_3' title='bbox 576 744 696 822; x_wconf 87' lang='lat' dir='ltr'><strong>pauco</strong></span> <span class='ocrx_word' id='word_1_4' title='bbox 723 717 809 810; x_wconf 88' lang='lat' dir='ltr'><strong>illa,</strong></span> <span class='ocrx_word' id='word_1_5' title='bbox 836 743 932 820; x_wconf 86' lang='lat' dir='ltr'><strong>quae</strong></span> <span class='ocrx_word' id='word_1_6' title='bbox 970 716 1020 792; x_wconf 86' lang='lat' dir='ltr'><strong>de</strong></span> <span class='ocrx_word' id='word_1_7' title='bbox 1055 697 1351 822; x_wconf 84' lang='lat' dir='ltr'><strong>ornithoryncho</strong></span> <span class='ocrx_word' id='word_1_8' title='bbox 1367 736 1468 804; x_wconf 68' lang='lat' dir='ltr'><strong>‚nota</strong></span> <span class='ocrx_word' id='word_1_9' title='bbox 1495 737 1599 809; x_wconf 82' lang='lat' dir='ltr'><strong>tunt,</strong></span> <span class='ocrx_word' id='word_1_10' title='bbox 1628 715 1795 807; x_wconf 87' lang='lat' dir='ltr'><strong>animali,</strong></span> <span class='ocrx_word' id='word_1_11' title='bbox 1822 717 1925 816; x_wconf 79' lang='lat' dir='ltr'><strong>quod</strong></span> 
     </span>
     <span class='ocr_line' id='line_1_3' title="bbox 332 841 1920 948; baseline -0.002 -28"><span class='ocrx_word' id='word_1_12' title='bbox 332 843 545 948; x_wconf 78' lang='lat' dir='ltr'><strong>secundum</strong></span> <span class='ocrx_word' id='word_1_13' title='bbox 572 843 859 944; x_wconf 35' lang='lat' dir='ltr'><strong>disquisitiones,</strong></span> <span class='ocrx_word' id='word_1_14' title='bbox 879 847 944 919; x_wconf 78' lang='lat' dir='ltr'><strong>Er.</strong></span> <span class='ocrx_word' id='word_1_15' title='bbox 970 845 1090 914; x_wconf 85' lang='lat' dir='ltr'>Home</span> <span class='ocrx_word' id='word_1_16' title='bbox 1115 842 1150 932; x_wconf 78' lang='lat' dir='ltr'><strong>It)</strong></span> <span class='ocrx_word' id='word_1_17' title='bbox 1178 841 1447 928; x_wconf 83' lang='lat' dir='ltr'><strong>intermedium</strong></span> <span class='ocrx_word' id='word_1_18' title='bbox 1475 863 1533 918; x_wconf 85' lang='lat' dir='ltr'><strong>est</strong></span> <span class='ocrx_word' id='word_1_19' title='bbox 1558 845 1656 932; x_wconf 83' lang='lat' dir='ltr'><strong>inter</strong></span> <span class='ocrx_word' id='word_1_20' title='bbox 1671 841 1920 940; x_wconf 79' lang='lat' dir='ltr'><strong>reptiliaaves</strong></span> 
     </span>
     <span class='ocr_line' id='line_1_4' title="bbox 330 965 1923 1070; baseline -0.003 -28"><span class='ocrx_word' id='word_1_21' title='bbox 330 965 613 1070; x_wconf 81' lang='lat' dir='ltr'><strong>et.,mammalia.</strong></span> <span class='ocrx_word' id='word_1_22' title='bbox 662 966 819 1065; x_wconf 83' lang='lat' dir='ltr'><strong>Multum</strong></span> <span class='ocrx_word' id='word_1_23' title='bbox 847 978 974 1042; x_wconf 88' lang='lat' dir='ltr'><strong>autem</strong></span> <span class='ocrx_word' id='word_1_24' title='bbox 1001 967 1195 1066; x_wconf 68' lang='lat' dir='ltr'><strong>reptilibus</strong></span> <span class='ocrx_word' id='word_1_25' title='bbox 1223 967 1355 1058; x_wconf 81' lang='lat' dir='ltr'><strong>affine,</strong></span> <span class='ocrx_word' id='word_1_26' title='bbox 1394 969 1456 1044; x_wconf 64' lang='lat' dir='ltr'><strong>Hc</strong></span> <span class='ocrx_word' id='word_1_27' title='bbox 1486 967 1615 1052; x_wconf 86' lang='lat' dir='ltr'><strong>locum</strong></span> <span class='ocrx_word' id='word_1_28' title='bbox 1644 993 1723 1040; x_wconf 87' lang='lat' dir='ltr'><strong>non</strong></span> <span class='ocrx_word' id='word_1_29' title='bbox 1754 970 1923 1068; x_wconf 88' lang='lat' dir='ltr'><strong>ineptum</strong></span> 
     </span>
     <span class='ocr_line' id='line_1_5' title="bbox 329 1071 1926 1198; baseline 0.001 -35"><span class='ocrx_word' id='word_1_30' title='bbox 329 1092 505 1198; x_wconf 78' lang='lat' dir='ltr'><strong>inveniet.</strong></span> <span class='ocrx_word' id='word_1_31' title='bbox 557 1091 704 1188; x_wconf 85' lang='lat' dir='ltr'><strong>Dicitur</strong></span> <span class='ocrx_word' id='word_1_32' title='bbox 729 1090 868 1168; x_wconf 84' lang='lat' dir='ltr'><strong>hahere</strong></span> <span class='ocrx_word' id='word_1_33' title='bbox 894 1081 1059 1174; x_wconf 84' lang='lat' dir='ltr'><strong>meatum</strong></span> <span class='ocrx_word' id='word_1_34' title='bbox 1086 1108 1278 1172; x_wconf 83' lang='lat' dir='ltr'><strong>externum</strong></span> <span class='ocrx_word' id='word_1_35' title='bbox 1307 1093 1636 1190; x_wconf 75' lang='lat' dir='ltr'><strong>angustissimum,</strong></span> <span class='ocrx_word' id='word_1_36' title='bbox 1654 1071 1926 1185; x_wconf 67' lang='lat' dir='ltr'><strong>membranam.</strong></span> 
     </span>
     <span class='ocr_line' id='line_1_6' title="bbox 328 1212 1923 1326; baseline 0.004 -42"><span class='ocrx_word' id='word_1_37' title='bbox 328 1217 501 1326; x_wconf 76' lang='lat' dir='ltr'><strong>tympani</strong></span> <span class='ocrx_word' id='word_1_38' title='bbox 536 1239 765 1315; x_wconf 77' lang='lat' dir='ltr'><strong>magnam,</strong></span> <span class='ocrx_word' id='word_1_39' title='bbox 759 1233 818 1290; x_wconf 87' lang='lat' dir='ltr'><strong>et</strong></span> <span class='ocrx_word' id='word_1_40' title='bbox 824 1213 899 1298; x_wconf 83' lang='lat' dir='ltr'><strong>duo</strong></span> <span class='ocrx_word' id='word_1_41' title='bbox 928 1212 1081 1320; x_wconf 81' lang='lat' dir='ltr'><strong>auditus</strong></span> <span class='ocrx_word' id='word_1_42' title='bbox 1119 1214 1301 1306; x_wconf 86' lang='lat' dir='ltr'><strong>ossicula,</strong></span> <span class='ocrx_word' id='word_1_43' title='bbox 1337 1216 1544 1316; x_wconf 81' lang='lat' dir='ltr'><strong>exquibus</strong></span> <span class='ocrx_word' id='word_1_44' title='bbox 1574 1235 1698 1315; x_wconf 80' lang='lat' dir='ltr'><strong>stapes</strong></span> <span class='ocrx_word' id='word_1_45' title='bbox 1724 1216 1923 1290; x_wconf 84' lang='lat' dir='ltr'><strong>manubrio.</strong></span> 
     </span>
     <span class='ocr_line' id='line_1_7' title="bbox 326 1313 1923 1444; baseline 0.004 -36"><span class='ocrx_word' id='word_1_46' title='bbox 326 1335 497 1442; x_wconf 82' lang='lat' dir='ltr'><strong>simplici</strong></span> <span class='ocrx_word' id='word_1_47' title='bbox 511 1338 671 1415; x_wconf 87' lang='lat' dir='ltr'><strong>donatus</strong></span> <span class='ocrx_word' id='word_1_48' title='bbox 698 1365 781 1414; x_wconf 84' lang='lat' dir='ltr'><strong>casa</strong></span> <span class='ocrx_word' id='word_1_49' title='bbox 805 1323 978 1422; x_wconf 81' lang='lat' dir='ltr'><strong>refertur</strong></span> <span class='ocrx_word' id='word_1_50' title='bbox 994 1313 1139 1418; x_wconf 84' lang='lat' dir='ltr'><strong>Fors&#39;</strong></span> <span class='ocrx_word' id='word_1_51' title='bbox 1107 1365 1205 1438; x_wconf 82' lang='lat' dir='ltr'><strong>orrea</strong></span> <span class='ocrx_word' id='word_1_52' title='bbox 1232 1342 1313 1424; x_wconf 87' lang='lat' dir='ltr'><strong>duo</strong></span> <span class='ocrx_word' id='word_1_53' title='bbox 1333 1342 1397 1418; x_wconf 91' lang='lat' dir='ltr'><strong>illa</strong></span> <span class='ocrx_word' id='word_1_54' title='bbox 1416 1343 1576 1420; x_wconf 87' lang='lat' dir='ltr'><strong>ossicula</strong></span> <span class='ocrx_word' id='word_1_55' title='bbox 1594 1341 1693 1436; x_wconf 83' lang='lat' dir='ltr'><strong>idem</strong></span> <span class='ocrx_word' id='word_1_56' title='bbox 1715 1341 1837 1419; x_wconf 77' lang='lat' dir='ltr'><strong>afferri</strong></span> <span class='ocrx_word' id='word_1_57' title='bbox 1849 1368 1923 1444; x_wconf 93' lang='lat' dir='ltr'><strong>po</strong></span> 
     </span>
     <span class='ocr_line' id='line_1_8' title="bbox 327 1441 1288 1563; baseline 0 -25"><span class='ocrx_word' id='word_1_58' title='bbox 327 1480 401 1538; x_wconf 87' lang='lat' dir='ltr'><strong>test</strong></span> <span class='ocrx_word' id='word_1_59' title='bbox 428 1462 584 1538; x_wconf 88' lang='lat' dir='ltr'><strong>dubium</strong></span> <span class='ocrx_word' id='word_1_60' title='bbox 595 1516 608 1554; x_wconf 92' lang='lat'><strong>,</strong></span> <span class='ocrx_word' id='word_1_61' title='bbox 636 1463 738 1562; x_wconf 87' lang='lat' dir='ltr'><strong>quod</strong></span> <span class='ocrx_word' id='word_1_62' title='bbox 764 1488 875 1563; x_wconf 82' lang='lat' dir='ltr'><strong>aupra</strong></span> <span class='ocrx_word' id='word_1_63' title='bbox 902 1457 949 1538; x_wconf 86' lang='lat' dir='ltr'><strong>de</strong></span> <span class='ocrx_word' id='word_1_64' title='bbox 977 1465 1077 1540; x_wconf 87' lang='lat' dir='ltr'><strong>ranis</strong></span> <span class='ocrx_word' id='word_1_65' title='bbox 1103 1441 1288 1542; x_wconf 79' lang='lat' dir='ltr'><strong>adnotavi.</strong></span> 
     </span>
    </p>
   </div>
   <div class='ocr_carea' id='block_1_3' title="bbox 932 1858 1223 1972">
    <p class='ocr_par' dir='ltr' id='par_1_3' title="bbox 932 1858 1223 1972">
     <span class='ocr_line' id='line_1_9' title="bbox 932 1858 1223 1972; baseline 0.021 -46"><span class='ocrx_word' id='word_1_66' title='bbox 932 1916 934 1926; x_wconf 92' lang='lat'><em>.</em></span> <span class='ocrx_word' id='word_1_67' title='bbox 1035 1858 1223 1972; x_wconf 69' lang='lat' dir='ltr'><strong>Area</strong></span> 
     </span>
    </p>
   </div>
   <div class='ocr_carea' id='block_1_4' title="bbox 284 2035 1952 2786">
    <p class='ocr_par' dir='ltr' id='par_1_4' title="bbox 284 2035 1952 2786">
     <span class='ocr_line' id='line_1_10' title="bbox 397 2035 1944 2168; baseline -0.001 -38"><span class='ocrx_word' id='word_1_68' title='bbox 397 2158 400 2168; x_wconf 31' lang='grc'><strong>,</strong></span> <span class='ocrx_word' id='word_1_69' title='bbox 426 2035 547 2150; x_wconf 78' lang='lat' dir='ltr'><strong>Area,</strong></span> <span class='ocrx_word' id='word_1_70' title='bbox 575 2063 731 2158; x_wconf 78' lang='lat' dir='ltr'><strong>quarum</strong></span> <span class='ocrx_word' id='word_1_71' title='bbox 758 2057 914 2156; x_wconf 82' lang='lat' dir='ltr'><strong>auditus</strong></span> <span class='ocrx_word' id='word_1_72' title='bbox 933 2084 1100 2160; x_wconf 79' lang='lat' dir='ltr'><strong>organon</strong></span> <span class='ocrx_word' id='word_1_73' title='bbox 1133 2059 1254 2134; x_wconf 88' lang='lat' dir='ltr'><strong>multo</strong></span> <span class='ocrx_word' id='word_1_74' title='bbox 1276 2061 1462 2159; x_wconf 85' lang='lat' dir='ltr'><strong>¹majorem</strong></span> <span class='ocrx_word' id='word_1_75' title='bbox 1489 2059 1695 2161; x_wconf 77' lang='lat' dir='ltr'><strong>praesefert</strong></span> <span class='ocrx_word' id='word_1_76' title='bbox 1719 2057 1944 2130; x_wconf 78' lang='lat' dir='ltr'><strong>uniformi·&#39;</strong></span> 
     </span>
     <span class='ocr_line' id='line_1_11' title="bbox 322 2181 1910 2288; baseline 0.001 -37"><span class='ocrx_word' id='word_1_77' title='bbox 322 2197 459 2270; x_wconf 87' lang='lat' dir='ltr'><strong>tatem,</strong></span> <span class='ocrx_word' id='word_1_78' title='bbox 497 2199 627 2254; x_wconf 85' lang='lat' dir='ltr'><strong>tamen</strong></span> <span class='ocrx_word' id='word_1_79' title='bbox 655 2183 957 2284; x_wconf 74' lang='lat' dir='ltr'><strong>modificationes</strong></span> <span class='ocrx_word' id='word_1_80' title='bbox 993 2183 1136 2281; x_wconf 81' lang='lat' dir='ltr'><strong>aliquot</strong></span> <span class='ocrx_word' id='word_1_81' title='bbox 1165 2201 1388 2288; x_wconf 77' lang='lat' dir='ltr'><strong>constantes</strong></span> <span class='ocrx_word' id='word_1_82' title='bbox 1430 2185 1652 2272; x_wconf 86' lang='lat' dir='ltr'><strong>ostendunt,</strong></span> <span class='ocrx_word' id='word_1_83' title='bbox 1691 2209 1787 2282; x_wconf 89' lang='lat' dir='ltr'><strong>quae</strong></span> <span class='ocrx_word' id='word_1_84' title='bbox 1806 2181 1910 2257; x_wconf 87' lang='lat' dir='ltr'><strong>vitae</strong></span> 
     </span>
     <span class='ocr_line' id='line_1_12' title="bbox 322 2301 1911 2426; baseline 0.003 -54"><span class='ocrx_word' id='word_1_85' title='bbox 322 2301 453 2426; x_wconf 83' lang='lat' dir='ltr'><strong>generi</strong></span> <span class='ocrx_word' id='word_1_86' title='bbox 480 2316 518 2375; x_wconf 84' lang='lat' dir='ltr'><strong>ot</strong></span> <span class='ocrx_word' id='word_1_87' title='bbox 545 2305 728 2394; x_wconf 89' lang='lat' dir='ltr'><strong>medio,</strong></span> <span class='ocrx_word' id='word_1_88' title='bbox 718 2334 756 2378; x_wconf 91' lang='grc' dir='ltr'><strong>ιιι</strong></span> <span class='ocrx_word' id='word_1_89' title='bbox 785 2333 861 2406; x_wconf 91' lang='lat' dir='ltr'><strong>quo</strong></span> <span class='ocrx_word' id='word_1_90' title='bbox 887 2308 1120 2406; x_wconf 85' lang='lat' dir='ltr'><strong>potissimum</strong></span> <span class='ocrx_word' id='word_1_91' title='bbox 1146 2309 1294 2400; x_wconf 85' lang='lat' dir='ltr'><strong>vivunt,</strong></span> <span class='ocrx_word' id='word_1_92' title='bbox 1322 2306 1524 2382; x_wconf 86' lang='lat' dir='ltr'><strong>convenire</strong></span> <span class='ocrx_word' id='word_1_93' title='bbox 1550 2307 1732 2382; x_wconf 84' lang='lat' dir='ltr'><strong>videntur.</strong></span> <span class='ocrx_word' id='word_1_94' title='bbox 1785 2311 1841 2378; x_wconf 84' lang='lat' dir='ltr'><strong>Er</strong></span> <span class='ocrx_word' id='word_1_95' title='bbox 1859 2305 1911 2378; x_wconf 92' lang='lat' dir='ltr'><strong>al-</strong></span> 
     </span>
     <span class='ocr_line' id='line_1_13' title="bbox 323 2408 1952 2542; baseline 0 -40"><span class='ocrx_word' id='word_1_96' title='bbox 323 2447 405 2502; x_wconf 89' lang='lat' dir='ltr'><strong>tera</strong></span> <span class='ocrx_word' id='word_1_97' title='bbox 430 2455 569 2538; x_wconf 81' lang='lat' dir='ltr'><strong>nempe</strong></span> <span class='ocrx_word' id='word_1_98' title='bbox 596 2451 701 2531; x_wconf 88' lang='lat' dir='ltr'><strong>parto</strong></span> <span class='ocrx_word' id='word_1_99' title='bbox 729 2433 977 2532; x_wconf 80' lang='lat' dir='ltr'><strong>gallinaceae,</strong></span> <span class='ocrx_word' id='word_1_100' title='bbox 1004 2434 1142 2542; x_wconf 80' lang='lat' dir='ltr'><strong>grallae</strong></span> <span class='ocrx_word' id='word_1_101' title='bbox 1171 2452 1208 2507; x_wconf 89' lang='lat' dir='ltr'><strong>et</strong></span> <span class='ocrx_word' id='word_1_102' title='bbox 1234 2429 1468 2532; x_wconf 86' lang='lat' dir='ltr'><strong>palmipedes</strong></span> <span class='ocrx_word' id='word_1_103' title='bbox 1495 2428 1733 2521; x_wconf 81' lang='lat' dir='ltr'><strong>inferiorem,</strong></span> <span class='ocrx_word' id='word_1_104' title='bbox 1761 2457 1804 2503; x_wconf 84' lang='lat' dir='ltr'><strong>ex</strong></span> <span class='ocrx_word' id='word_1_105' title='bbox 1798 2411 1910 2503; x_wconf 86' lang='lat' dir='ltr'><strong>alte-</strong></span> <span class='ocrx_word' id='word_1_106' title='bbox 1945 2408 1952 2420; x_wconf 52' lang='grc'><strong>’</strong></span> 
     </span>
     <span class='ocr_line' id='line_1_14' title="bbox 325 2554 1912 2672; baseline 0.003 -49"><span class='ocrx_word' id='word_1_107' title='bbox 325 2577 367 2625; x_wconf 87' lang='lat' dir='ltr'><strong>ra</strong></span> <span class='ocrx_word' id='word_1_108' title='bbox 393 2554 611 2654; x_wconf 81' lang='lat' dir='ltr'><strong>accipitres,</strong></span> <span class='ocrx_word' id='word_1_109' title='bbox 637 2582 828 2672; x_wconf 81' lang='lat' dir='ltr'><strong>passeres,</strong></span> <span class='ocrx_word' id='word_1_110' title='bbox 856 2575 895 2631; x_wconf 92' lang='lat' dir='ltr'><strong>et</strong></span> <span class='ocrx_word' id='word_1_111' title='bbox 920 2582 1116 2652; x_wconf 84' lang='lat' dir='ltr'><strong>scansores</strong></span> <span class='ocrx_word' id='word_1_112' title='bbox 1144 2559 1380 2657; x_wconf 80' lang='lat' dir='ltr'><strong>superiorem</strong></span> <span class='ocrx_word' id='word_1_113' title='bbox 1410 2554 1633 2630; x_wconf 86' lang='lat' dir='ltr'><strong>evolutionis</strong></span> <span class='ocrx_word' id='word_1_114' title='bbox 1668 2555 1825 2656; x_wconf 81' lang='lat' dir='ltr'><strong>gradum</strong></span> <span class='ocrx_word' id='word_1_115' title='bbox 1854 2581 1912 2628; x_wconf 92' lang='lat' dir='ltr'><strong>re·</strong></span> 
     </span>
     <span class='ocr_line' id='line_1_15' title="bbox 284 2671 1913 2786; baseline 0.003 -38"><span class='ocrx_word' id='word_1_116' title='bbox 284 2715 293 2732; x_wconf 60' lang='grc' dir='ltr'><strong>ι</strong></span> <span class='ocrx_word' id='word_1_117' title='bbox 321 2676 509 2769; x_wconf 84' lang='lat' dir='ltr'><strong>ferentes,</strong></span> <span class='ocrx_word' id='word_1_118' title='bbox 536 2671 783 2756; x_wconf 89' lang='lat' dir='ltr'><strong>collocandae</strong></span> <span class='ocrx_word' id='word_1_119' title='bbox 810 2705 907 2764; x_wconf 87' lang='lat' dir='ltr'><strong>sunt.</strong></span> <span class='ocrx_word' id='word_1_120' title='bbox 959 2691 1142 2762; x_wconf 85' lang='lat' dir='ltr'><strong>Numerus</strong></span> <span class='ocrx_word' id='word_1_121' title='bbox 1170 2686 1333 2786; x_wconf 89' lang='lat' dir='ltr'><strong>partium</strong></span> <span class='ocrx_word' id='word_1_122' title='bbox 1349 2683 1389 2754; x_wconf 89' lang='lat' dir='ltr'><strong>in</strong></span> <span class='ocrx_word' id='word_1_123' title='bbox 1418 2681 1594 2774; x_wconf 85' lang='lat' dir='ltr'><strong>omnibus</strong></span> <span class='ocrx_word' id='word_1_124' title='bbox 1622 2679 1745 2775; x_wconf 72' lang='lat' dir='ltr'><strong>idem,</strong></span> <span class='ocrx_word' id='word_1_125' title='bbox 1774 2699 1913 2756; x_wconf 91' lang='lat' dir='ltr'><strong>etcum</strong></span> 
     </span>
    </p>
   </div>
   <div class='ocr_carea' id='block_1_5' title="bbox 323 2791 1913 2952">
    <p class='ocr_par' dir='ltr' id='par_1_5' title="bbox 323 2791 1913 2952">
     <span class='ocr_line' id='line_1_16' title="bbox 323 2791 1913 2952; baseline 0.003 -76"><span class='ocrx_word' id='word_1_126' title='bbox 323 2804 563 2880; x_wconf 90' lang='lat' dir='ltr'><strong>solummodo</strong></span> <span class='ocrx_word' id='word_1_127' title='bbox 590 2828 764 2926; x_wconf 89' lang='lat' dir='ltr'><strong>respectu</strong></span> <span class='ocrx_word' id='word_1_128' title='bbox 792 2809 933 2886; x_wconf 83' lang='lat' dir='ltr'><strong>formae</strong></span> <span class='ocrx_word' id='word_1_129' title='bbox 943 2811 1164 2952; x_wconf 84' lang='lat' dir='ltr'><strong>quidquam</strong></span> <span class='ocrx_word' id='word_1_130' title='bbox 1190 2810 1385 2898; x_wconf 83' lang='lat' dir='ltr'><strong>differant,</strong></span> <span class='ocrx_word' id='word_1_131' title='bbox 1411 2805 1458 2880; x_wconf 86' lang='lat' dir='ltr'><strong>ad</strong></span> <span class='ocrx_word' id='word_1_132' title='bbox 1484 2793 1774 2921; x_wconf 75' lang='lat' dir='ltr'><strong>prolixitatem</strong></span> <span class='ocrx_word' id='word_1_133' title='bbox 1763 2791 1913 2892; x_wconf 79' lang='lat' dir='ltr'><strong>manes·</strong></span> 
     </span>
    </p>
   </div>
   <div class='ocr_carea' id='block_1_6' title="bbox 266 2924 1925 4030">
    <p class='ocr_par' dir='ltr' id='par_1_6' title="bbox 317 2924 1925 3506">
     <span class='ocr_line' id='line_1_17' title="bbox 323 2924 1925 3036; baseline 0.002 -37"><span class='ocrx_word' id='word_1_134' title='bbox 323 2951 397 3024; x_wconf 84' lang='lat' dir='ltr'><strong>quc</strong></span> <span class='ocrx_word' id='word_1_135' title='bbox 418 2931 661 3027; x_wconf 86' lang='lat' dir='ltr'><strong>repetitiones</strong></span> <span class='ocrx_word' id='word_1_136' title='bbox 678 2935 854 3013; x_wconf 85' lang='lat' dir='ltr'><strong>vitandas</strong></span> <span class='ocrx_word' id='word_1_137' title='bbox 865 2989 877 3028; x_wconf 93' lang='lat'><strong>,</strong></span> <span class='ocrx_word' id='word_1_138' title='bbox 897 2962 1065 3036; x_wconf 82' lang='lat' dir='ltr'><strong>organon</strong></span> <span class='ocrx_word' id='word_1_139' title='bbox 1084 2936 1123 3007; x_wconf 84' lang='lat' dir='ltr'><strong>in</strong></span> <span class='ocrx_word' id='word_1_140' title='bbox 1146 2959 1283 3035; x_wconf 75' lang='lat' dir='ltr'><strong>genere</strong></span> <span class='ocrx_word' id='word_1_141' title='bbox 1309 2930 1536 3021; x_wconf 80' lang='lat' dir='ltr'><strong>describam,</strong></span> <span class='ocrx_word' id='word_1_142' title='bbox 1562 2955 1705 3028; x_wconf 86' lang='lat' dir='ltr'><strong>suoque</strong></span> <span class='ocrx_word' id='word_1_143' title='bbox 1726 2924 1813 3003; x_wconf 90' lang='lat' dir='ltr'><strong>loco</strong></span> <span class='ocrx_word' id='word_1_144' title='bbox 1834 2957 1915 3006; x_wconf 91' lang='lat' dir='ltr'><strong>mo·</strong></span> <span class='ocrx_word' id='word_1_145' title='bbox 1922 2957 1925 2962; x_wconf 77' lang='grc'>’</span> 
     </span>
     <span class='ocr_line' id='line_1_18' title="bbox 320 3049 1913 3174; baseline 0.008 -56"><span class='ocrx_word' id='word_1_146' title='bbox 320 3049 555 3123; x_wconf 87' lang='lat' dir='ltr'><strong>dificationes</strong></span> <span class='ocrx_word' id='word_1_147' title='bbox 581 3054 843 3156; x_wconf 70' lang='lat' dir='ltr'><strong>adnotabo.)</strong></span> <span class='ocrx_word' id='word_1_148' title='bbox 810 3087 825 3134; x_wconf 84' lang='grc' dir='ltr'><strong>ι</strong></span> <span class='ocrx_word' id='word_1_149' title='bbox 825 3059 1007 3174; x_wconf 71' lang='lat' dir='ltr'><strong>&gt;Quoad</strong></span> <span class='ocrx_word' id='word_1_150' title='bbox 1033 3048 1334 3160; x_wconf 81' lang='lat' dir='ltr'><strong>generalissima,</strong></span> <span class='ocrx_word' id='word_1_151' title='bbox 1360 3057 1597 3168; x_wconf 87' lang='lat' dir='ltr'><strong>labyrinthus</strong></span> <span class='ocrx_word' id='word_1_152' title='bbox 1611 3070 1774 3150; x_wconf 85' lang='lat' dir='ltr'><strong>constat</strong></span> <span class='ocrx_word' id='word_1_153' title='bbox 1789 3081 1834 3128; x_wconf 85' lang='lat' dir='ltr'><strong>ex</strong></span> <span class='ocrx_word' id='word_1_154' title='bbox 1851 3083 1913 3130; x_wconf 90' lang='lat' dir='ltr'><strong>ca·</strong></span> 
     </span>
     <span class='ocr_line' id='line_1_19' title="bbox 317 3173 1910 3285; baseline 0.008 -43"><span class='ocrx_word' id='word_1_155' title='bbox 317 3173 467 3247; x_wconf 85' lang='lat' dir='ltr'><strong>nalibue</strong></span> <span class='ocrx_word' id='word_1_156' title='bbox 504 3181 840 3274; x_wconf 80' lang='lat' dir='ltr'><strong>semicircularibua</strong></span> <span class='ocrx_word' id='word_1_157' title='bbox 867 3189 990 3264; x_wconf 89' lang='lat' dir='ltr'><strong>tribus</strong></span> <span class='ocrx_word' id='word_1_158' title='bbox 1017 3187 1307 3285; x_wconf 80' lang='lat' dir='ltr'><strong>membranaceis</strong></span> <span class='ocrx_word' id='word_1_159' title='bbox 1335 3204 1373 3259; x_wconf 89' lang='lat' dir='ltr'><strong>ot</strong></span> <span class='ocrx_word' id='word_1_160' title='bbox 1398 3185 1551 3274; x_wconf 84' lang='lat' dir='ltr'><strong>osseis,</strong></span> <span class='ocrx_word' id='word_1_161' title='bbox 1585 3203 1700 3282; x_wconf 89' lang='lat' dir='ltr'><strong>atque</strong></span> <span class='ocrx_word' id='word_1_162' title='bbox 1724 3181 1910 3260; x_wconf 85' lang='lat' dir='ltr'><strong>vestibulo</strong></span> 
     </span>
     <span class='ocr_line' id='line_1_20' title="bbox 320 3289 1911 3434; baseline 0.004 -64"><span class='ocrx_word' id='word_1_163' title='bbox 320 3298 497 3373; x_wconf 83' lang='lat' dir='ltr'><strong>strictiori</strong></span> <span class='ocrx_word' id='word_1_164' title='bbox 525 3303 563 3373; x_wconf 90' lang='lat' dir='ltr'><strong>in</strong></span> <span class='ocrx_word' id='word_1_165' title='bbox 591 3330 703 3380; x_wconf 85' lang='lat' dir='ltr'><strong>sensu</strong></span> <span class='ocrx_word' id='word_1_166' title='bbox 710 3362 723 3397; x_wconf 96' lang='lat'><strong>,</strong></span> <span class='ocrx_word' id='word_1_167' title='bbox 750 3311 811 3388; x_wconf 90' lang='lat' dir='ltr'><strong>cui</strong></span> <span class='ocrx_word' id='word_1_168' title='bbox 839 3311 984 3434; x_wconf 77' lang='lat' dir='ltr'><strong>accedit</strong></span> <span class='ocrx_word' id='word_1_169' title='bbox 1009 3289 1256 3402; x_wconf 82' lang='lat' dir='ltr'><strong>rudimentum</strong></span> <span class='ocrx_word' id='word_1_170' title='bbox 1275 3309 1476 3416; x_wconf 85' lang='lat' dir='ltr'><strong>cochleae,</strong></span> <span class='ocrx_word' id='word_1_171' title='bbox 1503 3305 1604 3406; x_wconf 90' lang='lat' dir='ltr'><strong>quod</strong></span> <span class='ocrx_word' id='word_1_172' title='bbox 1623 3306 1729 3412; x_wconf 86' lang='lat' dir='ltr'><strong>nervi</strong></span> <span class='ocrx_word' id='word_1_173' title='bbox 1755 3304 1911 3379; x_wconf 88' lang='lat' dir='ltr'><strong>aeustici</strong></span> 
     </span>
     <span class='ocr_line' id='line_1_21' title="bbox 320 3421 767 3512; baseline 0.028 -18"><span class='ocrx_word' id='word_1_174' title='bbox 320 3421 606 3500; x_wconf 85' lang='lat' dir='ltr'><strong>diramationem</strong></span> <span class='ocrx_word' id='word_1_175' title='bbox 634 3450 767 3512; x_wconf 83' lang='lat' dir='ltr'><strong>mutat.</strong></span> 
     </span>
    </p>

    <p class='ocr_par' dir='ltr' id='par_1_7' title="bbox 266 3511 1907 4030">
     <span class='ocr_line' id='line_1_22' title="bbox 426 3511 1907 3668; baseline 0 -35"><span class='ocrx_word' id='word_1_176' title='bbox 426 3550 684 3634; x_wconf 74' lang='lat' dir='ltr'><strong>communicat</strong></span> <span class='ocrx_word' id='word_1_177' title='bbox 709 3581 803 3634; x_wconf 88' lang='lat' dir='ltr'><strong>cum</strong></span> <span class='ocrx_word' id='word_1_178' title='bbox 829 3583 920 3632; x_wconf 88' lang='lat' dir='ltr'><strong>cavo</strong></span> <span class='ocrx_word' id='word_1_179' title='bbox 946 3561 1118 3660; x_wconf 87' lang='lat' dir='ltr'><strong>tympani</strong></span> <span class='ocrx_word' id='word_1_180' title='bbox 1143 3583 1210 3659; x_wconf 90' lang='lat' dir='ltr'><strong>per</strong></span> <span class='ocrx_word' id='word_1_181' title='bbox 1236 3559 1310 3632; x_wconf 91' lang='lat' dir='ltr'><strong>duo</strong></span> <span class='ocrx_word' id='word_1_182' title='bbox 1337 3555 1543 3646; x_wconf 87' lang='lat' dir='ltr'><strong>foramina,</strong></span> <span class='ocrx_word' id='word_1_183' title='bbox 1559 3511 1662 3655; x_wconf 82' lang='lat' dir='ltr'><strong>quod</strong></span> <span class='ocrx_word' id='word_1_184' title='bbox 1679 3518 1835 3658; x_wconf 82' lang='lat' dir='ltr'><strong>penitus</strong></span> <span class='ocrx_word' id='word_1_185' title='bbox 1847 3587 1907 3668; x_wconf 57' lang='lat' dir='ltr'><strong>osf</strong></span> 
     </span>
     <span class='ocr_line' id='line_1_23' title="bbox 321 3663 1914 3786; baseline 0.008 -44"><span class='ocrx_word' id='word_1_186' title='bbox 321 3697 453 3764; x_wconf 91' lang='lat' dir='ltr'><strong>seum,</strong></span> <span class='ocrx_word' id='word_1_187' title='bbox 481 3678 713 3757; x_wconf 88' lang='lat' dir='ltr'><strong>columellam</strong></span> <span class='ocrx_word' id='word_1_188' title='bbox 741 3685 927 3772; x_wconf 82' lang='lat' dir='ltr'><strong>continet,</strong></span> <span class='ocrx_word' id='word_1_189' title='bbox 961 3676 1215 3786; x_wconf 83' lang='lat' dir='ltr'><strong>cellulisque</strong></span> <span class='ocrx_word' id='word_1_190' title='bbox 1222 3681 1439 3756; x_wconf 83' lang='lat' dir='ltr'><strong>accessoriis</strong></span> <span class='ocrx_word' id='word_1_191' title='bbox 1477 3698 1646 3777; x_wconf 79' lang='lat' dir='ltr'><strong>augetur</strong></span> <span class='ocrx_word' id='word_1_192' title='bbox 1665 3680 1764 3754; x_wconf 88' lang='lat' dir='ltr'><strong>inter</strong></span> <span class='ocrx_word' id='word_1_193' title='bbox 1790 3663 1914 3784; x_wconf 86' lang='lat' dir='ltr'><strong>cranii</strong></span> 
     </span>
     <span class='ocr_line' id='line_1_24' title="bbox 266 3805 1904 3914; baseline 0.005 -45"><span class='ocrx_word' id='word_1_194' title='bbox 266 3815 268 3820; x_wconf 81' lang='grc'><em>·</em></span> <span class='ocrx_word' id='word_1_195' title='bbox 319 3819 406 3872; x_wconf 84' lang='lat' dir='ltr'><strong>oasa</strong></span> <span class='ocrx_word' id='word_1_196' title='bbox 432 3807 631 3882; x_wconf 88' lang='lat' dir='ltr'><strong>contentis</strong></span> <span class='ocrx_word' id='word_1_197' title='bbox 684 3809 792 3884; x_wconf 83' lang='lat' dir='ltr'><strong>Tube</strong></span> <span class='ocrx_word' id='word_1_198' title='bbox 816 3811 1006 3884; x_wconf 84' lang='lat' dir='ltr'><strong>Eustachii</strong></span> <span class='ocrx_word' id='word_1_199' title='bbox 1046 3807 1269 3910; x_wconf 84' lang='lat' dir='ltr'><strong>perfectior,</strong></span> <span class='ocrx_word' id='word_1_200' title='bbox 1304 3805 1481 3906; x_wconf 86' lang='lat' dir='ltr'><strong>peculiari</strong></span> <span class='ocrx_word' id='word_1_201' title='bbox 1523 3806 1661 3905; x_wconf 85' lang='lat' dir='ltr'><strong>gaudet</strong></span> <span class='ocrx_word' id='word_1_202' title='bbox 1699 3822 1904 3914; x_wconf 84' lang='lat' dir='ltr'><strong>structura,</strong></span> 
     </span>
     <span class='ocr_line' id='line_1_25' title="bbox 318 3919 1904 4030; baseline 0.007 -39"><span class='ocrx_word' id='word_1_203' title='bbox 318 3919 531 3996; x_wconf 87' lang='lat' dir='ltr'><strong>membrana</strong></span> <span class='ocrx_word' id='word_1_204' title='bbox 558 3932 741 4029; x_wconf 86' lang='lat' dir='ltr'><strong>tympani,</strong></span> <span class='ocrx_word' id='word_1_205' title='bbox 764 3932 1033 4008; x_wconf 86' lang='lat' dir='ltr'><strong>annuloosseo</strong></span> <span class='ocrx_word' id='word_1_206' title='bbox 1061 3949 1236 4022; x_wconf 76' lang='lat' dir='ltr'><strong>emensa,</strong></span> <span class='ocrx_word' id='word_1_207' title='bbox 1264 3950 1369 4005; x_wconf 84' lang='lat' dir='ltr'><strong>extus</strong></span> <span class='ocrx_word' id='word_1_208' title='bbox 1394 3948 1568 4030; x_wconf 86' lang='lat' dir='ltr'><strong>apparatu</strong></span> <span class='ocrx_word' id='word_1_209' title='bbox 1584 3953 1694 4002; x_wconf 86' lang='lat' dir='ltr'><strong>osseo</strong></span> <span class='ocrx_word' id='word_1_210' title='bbox 1721 3948 1766 4002; x_wconf 86' lang='lat' dir='ltr'><strong>ct</strong></span> <span class='ocrx_word' id='word_1_211' title='bbox 1785 3956 1904 4028; x_wconf 86' lang='lat' dir='ltr'><strong>mem·</strong></span> 
     </span>
    </p>
   </div>
   <div class='ocr_carea' id='block_1_7' title="bbox 319 4041 1901 4255">
    <p class='ocr_par' dir='ltr' id='par_1_8' title="bbox 319 4041 1901 4255">
     <span class='ocr_line' id='line_1_26' title="bbox 319 4041 1901 4158; baseline 0.006 -44"><span class='ocrx_word' id='word_1_212' title='bbox 319 4041 506 4121; x_wconf 86' lang='lat' dir='ltr'><strong>branaoeo</strong></span> <span class='ocrx_word' id='word_1_213' title='bbox 543 4047 728 4131; x_wconf 88' lang='lat' dir='ltr'><strong>instructa</strong></span> <span class='ocrx_word' id='word_1_214' title='bbox 755 4057 834 4147; x_wconf 84' lang='lat' dir='ltr'><strong>est,</strong></span> <span class='ocrx_word' id='word_1_215' title='bbox 869 4058 934 4158; x_wconf 89' lang='lat' dir='ltr'><strong>qui</strong></span> <span class='ocrx_word' id='word_1_216' title='bbox 967 4073 1133 4131; x_wconf 88' lang='lat' dir='ltr'><strong>meatum</strong></span> <span class='ocrx_word' id='word_1_217' title='bbox 1150 4047 1390 4130; x_wconf 71' lang='lat' dir='ltr'><strong>‘auditorium</strong></span> <span class='ocrx_word' id='word_1_218' title='bbox 1428 4073 1622 4142; x_wconf 77' lang='lat' dir='ltr'><strong>externum</strong></span> <span class='ocrx_word' id='word_1_219' title='bbox 1658 4069 1696 4128; x_wconf 87' lang='lat' dir='ltr'><strong>et</strong></span> <span class='ocrx_word' id='word_1_220' title='bbox 1722 4053 1901 4127; x_wconf 87' lang='lat' dir='ltr'><strong>concham</strong></span> 
     </span>
     <span class='ocr_line' id='line_1_27' title="bbox 320 4173 775 4255; baseline 0.031 -17"><span class='ocrx_word' id='word_1_221' title='bbox 320 4173 572 4246; x_wconf 88' lang='lat' dir='ltr'><strong>mammalium</strong></span> <span class='ocrx_word' id='word_1_222' title='bbox 600 4175 775 4255; x_wconf 88' lang='lat' dir='ltr'><strong>indicant.</strong></span> 
     </span>
    </p>
   </div>
   <div class='ocr_carea' id='block_1_8' title="bbox 317 4461 716 4484">
    <p class='ocr_par' dir='ltr' id='par_1_9' title="bbox 317 4461 716 4484">
     <span class='ocr_line' id='line_1_28' title="bbox 317 4461 716 4484; baseline 0.008 -2"><span class='ocrx_word' id='word_1_223' title='bbox 317 4461 716 4484; x_wconf 54' lang='lat' dir='ltr'><strong>m</strong></span> 
     </span>
    </p>
   </div>
   <div class='ocr_carea' id='block_1_9' title="bbox 361 4593 1878 4856">
    <p class='ocr_par' dir='ltr' id='par_1_10' title="bbox 361 4593 1878 4856">
     <span class='ocr_line' id='line_1_29' title="bbox 361 4593 1878 4724; baseline 0.018 -44"><span class='ocrx_word' id='word_1_224' title='bbox 361 4622 396 4694; x_wconf 74' lang='lat' dir='ltr'><strong>h)</strong></span> <span class='ocrx_word' id='word_1_225' title='bbox 418 4627 596 4685; x_wconf 80' lang='lat' dir='ltr'><strong>Tiedcmann</strong></span> <span class='ocrx_word' id='word_1_226' title='bbox 619 4613 774 4709; x_wconf 77' lang='lat' dir='ltr'><strong>Zoologie.</strong></span> <span class='ocrx_word' id='word_1_227' title='bbox 796 4631 966 4708; x_wconf 75' lang='lat' dir='ltr'><strong>Laudabat,</strong></span> <span class='ocrx_word' id='word_1_228' title='bbox 984 4593 1091 4720; x_wconf 28' lang='lat' dir='ltr'><strong>adoll..</strong></span> <span class='ocrx_word' id='word_1_229' title='bbox 1104 4637 1129 4701; x_wconf 84' lang='lat'><strong>1.</strong></span> <span class='ocrx_word' id='word_1_230' title='bbox 1150 4655 1181 4714; x_wconf 83' lang='lat' dir='ltr'><strong>p.</strong></span> <span class='ocrx_word' id='word_1_231' title='bbox 1204 4635 1275 4700; x_wconf 73' lang='lat'><strong>585.</strong></span> <span class='ocrx_word' id='word_1_232' title='bbox 1874 4713 1878 4724; x_wconf 40' lang='lat'><strong><em>¹</em></strong></span> 
     </span>
     <span class='ocr_line' id='line_1_30' title="bbox 362 4723 1799 4856; baseline 0.012 -70"><span class='ocrx_word' id='word_1_233' title='bbox 362 4723 390 4805; x_wconf 81' lang='grc' dir='ltr'><strong>ι’)</strong></span> <span class='ocrx_word' id='word_1_234' title='bbox 412 4729 573 4788; x_wconf 81' lang='lat' dir='ltr'><strong>Brevitatia</strong></span> <span class='ocrx_word' id='word_1_235' title='bbox 591 4749 679 4790; x_wconf 83' lang='lat' dir='ltr'><strong>eausa</strong></span> <span class='ocrx_word' id='word_1_236' title='bbox 699 4735 732 4792; x_wconf 87' lang='lat' dir='ltr'><strong>ia</strong></span> <span class='ocrx_word' id='word_1_237' title='bbox 750 4734 954 4856; x_wconf 66' lang='lat' dir='ltr'><strong>descriptiqae</strong></span> <span class='ocrx_word' id='word_1_238' title='bbox 973 4740 1040 4799; x_wconf 80' lang='lat' dir='ltr'><strong>illae</strong></span> <span class='ocrx_word' id='word_1_239' title='bbox 1057 4741 1203 4819; x_wconf 85' lang='lat' dir='ltr'><strong>primam,</strong></span> <span class='ocrx_word' id='word_1_240' title='bbox 1225 4743 1277 4801; x_wconf 81' lang='lat' dir='ltr'><strong>has</strong></span> <span class='ocrx_word' id='word_1_241' title='bbox 1295 4727 1452 4803; x_wconf 77' lang='lat' dir='ltr'><strong>secundam</strong></span> <span class='ocrx_word' id='word_1_242' title='bbox 1476 4745 1597 4804; x_wconf 79' lang='lat' dir='ltr'><strong>eleatem</strong></span> <span class='ocrx_word' id='word_1_243' title='bbox 1610 4743 1799 4821; x_wconf 88' lang='lat' dir='ltr'><strong>nuncupabo.</strong></span> 
     </span>
    </p>
   </div>
   <div class='ocr_carea' id='block_1_10' title="bbox 0 0 2162 5416">
    <p class='ocr_par' dir='ltr' id='par_1_11' title="bbox 0 0 2162 5416">
     <span class='ocr_line' id='line_1_31' title="bbox 0 0 2162 5416; baseline 0 0"><span class='ocrx_word' id='word_1_244' title='bbox 0 0 2162 5416; x_wconf 95' lang='lat' dir='ltr'><strong> </strong></span> 
     </span>
    </p>
   </div>
  </div>
 </body>
</html>
