4316 5416
334 431 382 514 ab
1259 525 1262 532 Ι

332 571 435 651 muni
457 593 496 649 et
512 573 688 673 ampullis
701 572 846 646 ‘canalis
865 547 1067 673 superioris
1092 591 1130 648 et
1147 573 1387 649 horizontalis
1403 574 1597 674 prospicit,
1618 555 1761 646 medius
1778 575 1818 645 in
1832 599 1916 694 parf

327 719 403 776 tem
426 695 758 798 hemisphaericam
781 697 877 774 alvei
892 698 996 788 abit,
1023 701 1160 773 minor
1169 700 1216 774 ad
1234 697 1438 805 ampullam
1464 699 1605 774 canalis
1632 700 1850 798 posterioris
1874 725 1915 774 se

324 825 496 918 confert,
523 849 653 898 omnes
672 822 859 921 perforato
886 823 1128 920 membrana
1117 851 1159 897 ιιι
1165 825 1323 898 interna
1339 825 1423 924 ejus
1451 823 1646 936 superlicio
1674 824 1831 924 pulpose
1854 851 1914 897 er

325 931 550 1048 paiduntm,
569 967 608 1022 et
624 964 721 1047 aqua
736 946 876 1021 sacculi
904 947 1135 1020 immediate
1150 961 1362 1045 tanguntur
1368 933 1626 1034 Ascanione.
1642 951 1778 1018 carrha
1801 946 1912 1019 c'cch

314 1067 410 1146 lese
420 1123 432 1161 ,
459 1073 502 1144 in
519 1073 629 1145 fovea
649 1073 827 1168 anteriori
860 1075 1101 1169 contorqueri
1115 1073 1237 1171 iucipr
1224 1072 1273 1159 it,
1294 1088 1331 1144 et
1349 1069 1504 1142 ramulis
1520 1068 1644 1166 multis
1668 1095 1737 1166 per
1758 1078 1915 1144 tracmm

321 1199 499 1298 spiralem
538 1194 866 1290 foraminulosum,
904 1197 944 1269 in
971 1199 1079 1272 lovea
1108 1199 1188 1298 jam
1223 1197 1483 1322 incipientem,
1522 1196 1581 1271 ad‘
1596 1199 1755 1297 primum
1784 1197 1914 1298 g'y'rum

319 1323 497 1398 cochleae
512 1321 697 1410 dimissis,
727 1337 931 1394 contortus
947 1322 1075 1399 cavum
1097 1309 1353 1420 cylindricum
1370 1320 1558 1396 modioli
1547 1339 1679 1412 antrat,
1698 1319 1827 1418 ibique
1843 1343 1913 1420 per

315 1445 645 1520 continuationem
668 1461 817 1518 tractus
830 1443 958 1533 istius,
981 1445 1046 1542 qui
1072 1469 1185 1543 gyros
1209 1442 1368 1518 laminae
1397 1449 1528 1520 osseae
1548 1445 1735 1550 sequitur,
1754 1448 1912 1520 tenerri-

318 1596 399 1644 mos
420 1588 458 1642 et
474 1569 650 1668 copiosos
666 1569 865 1642 ramulcs'
854 1586 952 1643 mter
968 1567 1156 1642 lamellam
1176 1567 1361 1668 duplicem
1378 1549 1536 1644 laminae
1552 1593 1684 1644 osseae
1706 1589 1745 1645 et
1765 1571 1912 1644 cartila-

243 1677 245 1687 ⁴
318 1695 452 1792 gineae
475 1693 640 1791 ablegat,
659 1706 717 1766 tot
734 1693 979 1797 canaliculi's'
969 1707 1067 1766 mter
1082 1715 1146 1764 eas
1161 1689 1207 1761 ad
1228 1690 1544 1767 membranaceam
1564 1695 1683 1791 usque
1699 1695 1910 1792 procedcn

318 1841 403 1910 tos,
430 1821 495 1894 ubi
515 1822 555 1892 in
572 1817 723 1921 pulpam
739 1845 914 1902 nervesm
933 1818 1040 1916 quasi
1060 1814 1231 1890 dissoluti
1255 1839 1351 1912 aqua
1367 1817 1584 1890 circumdati
1600 1817 1788 1894 finiuntur.
1811 1819 1910 1892 Con-

317 1947 477 2039 Ιιιιιιιειιιο
493 1946 596 2034 rami,
615 1971 660 2017 ex
674 1943 781 2044 apice
795 1944 958 2026 ‘modioli
978 1938 1304 2040 emesam-ultimo
1324 1963 1416 2037 gyro
1427 1989 1439 2028 ,
1458 1939 1595 2013 lamina
1620 1966 1727 2014 ossea
1746 1943 1913 2030 carenti,

312 2065 488 2140 consulit.
515 2067 662 2139 Arteria
692 2067 876 2140 auditoria
903 2069 1072 2154 iuterna,
1091 2089 1140 2166 ex
1167 2061 1319 2160 basileci
1344 2063 1590 2159 proveniens,
1612 2075 1710 2136 curn,
1724 2057 1912 2138 nervosi·

312 2215 402 2262 num
437 2187 640 2260 acuminum
662 2188 890 2286 ingreditur,
907 2191 1035 2288 ibique
1053 2189 1097 2258 in-
1119 2185 1353 2260 cochlearem
1374 2203 1412 2257 et
1425 2186 1693 2263 ,vestibularsm
1722 2177 1907 2266 dividitur,

311 2379 313 2382 .
414 2314 624 2410 Supersunt
650 2313 904 2410 aquaeductus
930 2310 1129 2398 Cotunnii,
1167 2311 1234 2406 qui
1258 2307 1637 2382 communicationem
1657 2311 1793 2382 sistunt
1808 2310 1908 2381 inter

310 2435 665 2538 catumlabyrinthi
693 2456 730 2510 ct
748 2439 853 2512 sinus
873 2427 1093 2510 cerebrales.
1121 2435 1287 2516 Cotunni
1299 2435 1348 2530 ι)
1358 2486 1371 2522 ,
1390 2405 1518 2508 eorum
1537 2434 1717 2520 detector,
1736 2433 1815 2534 ipse
1835 2431 1905 2504 hac

259 2609 261 2618 ,
313 2560 417 2634 dere
439 2585 519 2632 non
538 2577 752 2654 certusest3
779 2560 871 2648 dicit
890 2560 1011 2632 enims
1035 2556 1280 2648 „dubitari
1297 2581 1391 2632 non
1412 2583 1579 2655 posse,
1603 2558 1695 2654 quin
1712 2555 1845 2628 humor
1863 2557 1906 2628 in

256 2695 262 2703 '
312 2683 615 2776 „membraneam
634 2685 889 2826 aquaeductus
912 2677 1107 2758 cavitatem
1132 2681 1346 2782 depositus,
1365 2709 1434 2784 per
1453 2683 1692 2760 hos'tenulas
1715 2683 1908 2784 abreptus,

316 2809 535 2902 „lateralem
554 2807 761 2908 proximum
778 2828 911 2952 petat·
902 2812 1025 2883 sinum
1043 2813 1157 2884 durae
1176 2811 1314 2893 matris
1319 2818 1344 2856 “

308 3056 457 3143 darem,
477 3079 545 3126 ecs
565 3049 624 3126 rel
643 3055 770 3128 ambos
788 3053 886 3129 ad
856 3079 978 3130 sanum
995 3027 1191 3156 petrosum
1204 3057 1421 3132 inferiorem
1431 3110 1444 3149 ,
1463 3057 1524 3132 vel
1543 3057 1655 3129 illu'm
1665 3057 1855 3132 cochleae
1858 2975 1906 3134 ad

308 3177 466 3252 bulbum
484 3205 600 3260 uenae
615 3181 797 3282 juguleris
812 3183 983 3258 internae
999 3186 1192 3284 pervenire
1211 3185 1248 3282 t)
1259 3235 1281 3273 ,«
1299 3207 1410 3282 quam
1428 3179 1475 3254 ad
1497 3182 1790 3273 transversarios,
1804 3187 1907 3283 quod

306 3322 436 3376 tamen
453 3302 648 3380 ulteriores
670 3306 950 3379 observationes
969 3304 1169 3383 docebunt.
1194 3284 1300 3380 Alter
1320 3305 1622 3394 cochleae,'alter
1640 3307 1814 3381 tmtibuli
1834 3329 1902 3386 est

272 3438 275 3448 “
306 3425 380 3498 Hic
399 3427 532 3522 incipit
553 3449 574 3496 a
592 3427 744 3522 parvulo
774 3428 959 3503 foramine
980 3428 1029 3502 ad
1047 3409 1158 3502 linem
1187 3430 1326 3504 canalis
1349 3427 1560 3503 communis
1586 3425 1630 3503 cir
1649 3427 1903 3532 supeticrset

305 3549 535 3648 posteriore,
561 3573 604 3619 ac
622 3551 810 3646 posterius
841 3552 1015 3626 deorsum
1035 3551 1447 3652 ssatus‘triangulariter
1475 3553 1555 3628 fere
1577 3553 1751 3630 dilatatus
1772 3561 1907 3636 linitur-
1932 3640 1935 3645 ,

306 3675 348 3743 in
366 3673 477 3762 rima,
506 3695 602 3770 quac
625 3673 665 3744 in
677 3671 1070 3774 superlicieinseriori
1090 3679 1206 3779 partis
1231 3696 1402 3774 petrosae
1424 3695 1525 3750 retro
1556 3679 1677 3752 sinum
1695 3683 1902 3758 acusticum

260 3783 267 3864 Ῐ
305 3797 378 3869 sita
397 3813 464 3868 est.
492 3794 556 3868 Ille
577 3796 757 3874 foramine
777 3799 961 3907 inchoans
979 3802 1020 3873 in
1039 3802 1142 3875 scala
1159 3801 1327 3899 tympani
1347 3825 1464 3900 prope
1484 3801 1685 3875 fenestram
1705 3807 1900 3897 cochleae,

309 3922 472 3994 anterius
490 3921 633 4018 pergit,
657 3942 694 3997 et
717 3924 862 3999 orificio
887 3923 1070 4024 triquetro
1094 3921 1268 4021 ampliori
1288 3922 1388 3995 infra
1406 3924 1527 3996 sinum
1545 3924 1898 4020 acueticum'termi-

196 4068 199 4076 ¹
309 4047 429 4120 natur.
469 4047 636 4143 Uterque
663 4047 907 4122 canaliculum
937 4045 1277 4120 membranaceum
1276 4049 1472 4138 continet,
1501 4046 1548 4122 ab
1568 4047 1623 4120 Ill
1647 4041 1810 4122 Cotmttli
1827 4074 1900 4151 pro

307 4195 403 4244 vena
420 4169 643 4269 lymphatica
662 4171 839 4263 habitum,
861 4193 899 4248 et
914 4171 1161 4273 probabiliter
1178 4165 1416 4250 reductioni
1409 4201 1526 4276 aquae
1542 4175 1744 4276 labyrintld
1762 4177 1810 4253 ad
1834 4203 1898 4255 vc·

307 4317 376 4366 nas
393 4291 540 4367 cerebri
562 4288 863 4377 destinatum
902 4388 907 4398 ι

348 4606 378 4682 e)
401 4609 445 4662 De
462 4583 700 4680 aquaeductibus
715 4610 797 4666 auris
813 4609 956 4668 humanae
970 4611 1115 4674 internae.
1136 4613 1266 4689 Neapoli
1288 4617 1376 4690 17⁶1.
1394 4615 1497 4674 LXVI.
1603 4677 1606 4684 .

349 4717 378 4779 ι)
402 4707 490 4789 Quod
509 4713 715 4785 experimento
732 4716 777 4774 ct.
797 4717 912 4774 Merkel
933 4719 1029 4774 adhue
1047 4721 1254 4790 confirmator,
1278 4721 1329 4794 qui
1344 4721 1528 4812 mercurium
1546 4736 1581 4778 cx
1599 4737 1634 4780 eo
1652 4721 1688 4780 ad
1706 4723 1832 4782 bulbum
1848 4742 1899 4784 ve·

392 4829 464 4892 -cas
481 4815 644 4888 protrusit.
667 4818 712 4874 De
725 4819 885 4896 labyrinthi
901 4825 984 4882 auris
1003 4827 1163 4888 contentis.
1186 4824 1397 4906 Argentorati,
1423 4839 1511 4902 ¹7⁷7·
