4316 5416
1722 409 1769 466 ss

64 517 68 522 ’
190 523 487 630 tympaniadhue
505 517 725 624 immediato
755 546 839 600 eum
863 521 987 623 diplee
1005 483 1235 604 enelibus
1219 507 1431 626 rutm'jecta
1446 528 1494 600 in
1511 541 1608 606 nean
1635 549 1703 606 est.
1729 536 1774 608 ln

190 655 444 744 antivastibuli
470 670 576 752 parte
603 649 803 749 superiori
810 649 1048 730 manubrium
1070 649 1234 730 decurrit
1264 649 1507 740 columellae,
1535 652 1660 752 quod,
1692 652 1774 738 beai
1851 633 1854 638 ’

106 846 128 858 ,.
192 781 276 878 plus
290 781 411 852 minus
432 775 615 852 rotundae
633 775 673 849 in
696 769 818 848 medio
846 773 1082 872 impositum,
1121 799 1205 846 eum
1230 771 1276 847 ad
1304 776 1452 848 cristam
1474 781 1664 876 pervenit,
1692 807 1772 858 can·

189 903 523 1006 tilaginem‘excipit
537 883 769 1000 tripartitam,
785 923 893 976 erute
910 897 1032 974 medio
1044 917 1082 974 et
1094 898 1239 976 duobus
1256 898 1469 976 lateralibus
1488 907 1697 1006 superficiei
1715 911 1776 982 in:-

193 1033 324 1110 teriori
337 1029 569 1125 membranae
586 1025 752 1138 tympani
765 1047 810 1103 se,
821 1023 1060 1125 inserentem.
1076 1024 1172 1098 Huic
1181 1017 1391 1124 cartilagini
1400 1029 1680 1128 et'membrana‘e
1700 1035 1780 1132 ipsi,

193 1152 370 1224 inseritur
386 1147 574 1249 musculus
581 1199 593 1238 ,
620 1145 666 1219 ab
693 1146 852 1252 occipite
869 1145 1057 1242 inuentum
1077 1145 1246 1248 tympani
1268 1146 1534 1246 progrediens..
1565 1153 1774 1228 Columella

195 1277 297 1350 vario
321 1249 434 1348 modo
463 1248 670 1378 modificata
698 1270 884 1370 occurrit,
927 1269 1045 1368 prima
1074 1268 1203 1347 classis
1234 1268 1635 1376 manubriumsemper
1662 1275 1776 1351 habet

162 1415 169 1426 ⁴
195 1399 375 1508 simplex,
390 1399 515 1472 medio
531 1397 665 1472 baseos
681 1385 954 1494 implantatum,
981 1391 1085 1490 apice
1100 1389 1160 1472 vel
1174 1389 1369 1476 incurvato
1376 1444 1390 1482 ,
1408 1395 1463 1466 uti
1476 1395 1517 1468 in
1535 1397 1717 1496 pelecano
1737 1416 1776 1474 et

185 1553 188 1562 ·
195 1523 343 1620 gallinis
355 1575 370 1611 ,
393 1511 452 1594 vel
469 1537 601 1609 ructet
623 1520 678 1592 uti
701 1519 740 1590 in
762 1515 953 1606 auctibus,
978 1541 1126 1616 semper
1144 1517 1335 1597 crassiorit
1361 1516 1484 1620 basim
1498 1521 1626 1622 „ipsam
1648 1523 1776 1598 nerim,
1808 1527 1809 1532 ’
1845 1573 1847 1584 .

196 1673 269 1743 que
289 1646 458 1746 planam,
485 1646 705 1734 siccitates,
734 1659 797 1722 aut
812 1643 972 1716 exterius
989 1638 1190 1728 elevatam,
1217 1639 1273 1712 uti
1294 1638 1443 1730 fulicae.
1469 1643 1514 1716 In
1531 1644 1776 1740 secundamu-¹

195 1785 271 1847 tem
289 1769 408 1852 classe
422 1766 651 1855 manubrium
668 1791 784 1866 prope
797 1765 914 1844 basim
935 1761 1339 1860 excavatumdilatatur
1347 1815 1360 1853 ,
1388 1781 1426 1868 et
1439 1761 1775 1870 foraminulis'plu·⁸

198 1893 504 1994 ribuapertusum
523 1909 711 1980 totorum
730 1890 897 1980 simulat,
925 1913 1079 1962 numero
1097 1888 1242 1960 incerto
1253 1940 1266 1976 ,
1294 1888 1397 1986 quod
1414 1889 1538 1966 videre
1556 1909 1614 1964 est
1636 1895 1798 1994 optime·
1829 1884 1833 1892 ’

199 2016 239 2086 in
262 2014 413 2088 falcone
422 2021 485 2106 ,o)
511 2013 625 2088 striae
642 2031 681 2086 et
701 2011 886 2110 reliquis,
905 2010 1309 2110 singularemformam
1338 2010 1471 2086 alcedo
1491 2013 1613 2115 iapida
1640 2041 1772 2115 praese

197 2137 281 2225 fert,
308 2138 373 2210 ubi
390 2123 488 2210 basia
505 2162 527 2210 a
544 2147 627 2251 toto
644 2134 784 2209 ambitu
805 2132 1014 2232 superficiei
1033 2135 1224 2208 exterioris
1242 2133 1412 2233 capsulae
1427 2161 1558 2232 osseae
1576 2139 1653 2212 ad
1643 2161 1776 2218 matar-

71 2281 76 2291 ·
197 2265 244 2340 ad
264 2238 527 2349 manubrium,
554 2260 653 2358 apici
674 2261 755 2358 ejus
773 2259 993 2365 inhaerens,
1019 2259 1200 2337 ascendit
1236 2259 1489 2358 superficies
1479 2279 1626 2357 interna
1651 2269 1778 2342 omui·

194 2405 265 2480 'um
280 2387 363 2486 plus
384 2387 510 2475 minus
532 2407 707 2461 concava.
733 2381 1157 2491 Membrsnetympani
1150 2380 1302 2455 annulo
1309 2405 1420 2458 osseo
1438 2385 1682 2488 marginique
1716 2414 1778 2460 ex-

199 2531 308 2584 terno
329 2524 451 2578 acuto
457 2503 558 2576 ossis
577 2499 745 2598 quadrati
764 2501 958 2600 alligitur,
972 2515 1009 2576 et
1027 2501 1187 2590 fundum
1209 2503 1287 2576 cavi
1308 2529 1330 2576 a
1350 2504 1462 2578 crista
1481 2505 1696 2612 formatum
1719 2530 1774 2586 at·

117 2608 119 2613 .
199 2632 382 2728 tingeret,
409 2626 481 2702 nisi
510 2624 769 2714 acolumellae
787 2647 965 2724 processu
995 2623 1234 2720 cartilaginea
1254 2643 1358 2702 extus
1378 2598 1673 2734 protenderetur.
1705 2635 1778 2708 Te·

158 2743 160 2748 ¹
200 2757 302 2846 nois,
330 2755 469 2826 intres
494 2749 726 2846 membranas
753 2749 867 2821 dividi
888 2763 1042 2846 potest,
1080 2772 1235 2844 qrrarum
1265 2748 1392 2823 media
1422 2752 1582 2849 propria
1605 2761 1778 2856 tympani

200 2877 445 2964 membrana,
473 2874 620 2974 interna
637 2849 683 2946 ab
703 2873 851 2948 interna
867 2897 1000 3012 cavum
1019 2872 1222 2981 vesticula,
1259 2889 1410 2948 externa
1438 2875 1527 2948 ab'
1516 2876 1650 2972 intima
1669 2907 1777 2958 mea.
1889 2957 1893 2962 ,

201 3024 263 3099 tus
277 3000 449 3077 auditorii
466 2999 703 3114 provenit.
745 3073 748 3080 ,
838 3071 841 3078 ,
1452 3067 1454 3074 ,

303 3125 408 3196 Tube
426 3106 638 3218 Eustachii,
665 3145 756 3196 cavo
771 3087 936 3226 tympani
925 3120 1036 3198 loeo
1055 3088 1218 3200 indicato
1239 3079 1400 3215 adnexa,
1428 3093 1696 3220 semicanalem
1716 3153 1776 3220 oss

203 3271 310 3326 seum
331 3248 448 3337 sistit,
477 3246 620 3321 orificio
639 3246 813 3356 ampliori
832 3265 1049 3347 atympeno
1061 3249 1372 3338 descendentem,
1401 3250 1778 3354 etpaullatimcoarc·

120 3369 129 3386 ’
201 3393 316 3462 tatum
335 3372 521 3462 communi
547 3395 634 3448 cum
655 3371 790 3463 altera,
817 3371 876 3448 vel
895 3386 1065 3472 separato
1085 3375 1230 3450 orificio
1251 3373 1359 3448 alteri
1377 3374 1555 3474 proximo
1577 3400 1779 3476 perparvo,

202 3500 271 3605 sub
292 3496 484 3598 operculo
497 3495 629 3612 partim
661 3519 820 3582 osseo„
837 3494 973 3600 partim
1006 3489 1294 3594 cartilaginea
1284 3525 1323 3570 m
1355 3499 1542 3573 inferiori
1549 3517 1654 3597 parte
1683 3497 1792 3577 ossie'
1827 3515 1833 3522 '

201 3611 423 3726 sphenoidei
454 3622 501 3694 ad
536 3620 664 3692 fauces
700 3601 906 3695 finientem
971 3618 1214 3706 Semicanalis
1251 3620 1360 3692 hie·
1349 3648 1390 3692 m
1423 3621 1610 3713 cavitate
1623 3621 1777 3724 cellule·
1829 3639 1833 3648 ‘

201 3774 242 3822 sa
263 3741 454 3820 anteriori
489 3743 604 3832 ritus,
646 3758 685 3822 et
691 3757 870 3844 partem
902 3742 1130 3840 superiorem
1166 3743 1393 3855 anteriorem
1429 3745 1541 3834 tubae
1585 3717 1780 3838 formans,
1807 3737 1810 3742 ⁵

201 3873 357 3946 inferius
383 3867 525 3966 lamina
545 3883 708 3939 externa
723 3889 831 3978 osaea
858 3867 1056 3982 communi
1079 3867 1272 3944 clauditur
1324 3868 1543 3946 immediate
1577 3895 1687 3978 supra
1721 3887 1779 3942 tu·

202 3996 287 4071 bam
315 3991 473 4085 canalis
493 3991 678 4066 ceraticue
713 3988 760 4062 ab
792 4007 896 4064 extus
929 3988 1016 4062 ad
1005 3991 1183 4064 interiora
1205 3989 1400 4077 decurrit,
1425 3989 1527 4091 quod
1554 4017 1596 4064 ea
1627 4011 1780 4105 ppopter

203 4121 409 4206 admoneo,
426 4115 543 4215 quia
569 4113 698 4188 minue
730 4114 881 4223 perito
886 4113 996 4185 facile
1021 4137 1090 4210 pro
1114 4112 1241 4184 tuba
1230 4111 1398 4211 imponit.
1446 4115 1604 4206 Nervus
1633 4114 1779 4190 facialis

204 4270 248 4317 er
265 4241 423 4314 medulla
439 4233 654 4336 oblongata
658 4235 882 4335 proveniens
920 4261 1001 4308 cum
1039 4236 1205 4310 acuetico
1236 4237 1388 4310 foveam
1418 4235 1521 4312 illam
1553 4238 1778 4346 ingreditur,
1826 4235 1828 4240 ’

202 4391 269 4465 per
289 4365 466 4462 quintum
479 4361 654 4434 foramen
674 4360 721 4434 ad
740 4360 935 4461 proprium
956 4359 1122 4436 canalem
1131 4411 1144 4448 ,
1170 4358 1431 4460 Fallopianum
1451 4385 1612 4458 nempe,
1649 4387 1778 4459 perve-

204 4491 282 4588 nit,
309 4487 374 4584 qui
393 4477 508 4558 libere
528 4484 699 4575 cellulas,
726 4484 824 4557 iuter
839 4509 975 4568 conum
992 4485 1226 4558 cochlearem
1244 4503 1281 4558 et
1304 4483 1549 4573 vestibulum,
1575 4487 1778 4585 percurrit,

204 4613 259 4689 sic
281 4631 411 4683 cavum
427 4609 596 4710 tympani
626 4625 664 4682 et
682 4607 836 4706 quidem
854 4610 1158 4713 antivestibulum
1180 4606 1348 4708 attingit,
1374 4607 1574 4686 manubrio
1599 4609 1779 4688 columel·
1874 4591 1877 4598 ⁷

204 4761 513 4788 Μ

240 4826 274 4907 0)
295 4826 366 4887 vrb.
390 4826 425 4881 V'.
449 4825 484 4878 Α,
