4316 5416
1736 433 1782 506 ¹7

199 536 292 611 illud
309 555 394 612 aute
412 533 619 610 fenestram
636 537 820 628 vestibuli,
847 540 1018 614 transitui
1037 565 1140 616 nervi
1130 539 1295 613 'facialis
1316 531 1563 626 destinatum.
1578 549 1736 642 Situs
1702 576 1784 647 ejus

202 651 378 737 convenit
405 687 492 736 cum
528 661 620 751 illo,
646 661 748 759 quotl
774 659 843 736 sub
870 663 1052 737 rotundae
1088 663 1199 772 titulo
1226 665 1415 743 describit.
1465 673 1645 774 Fenestra
1672 680 1785 752 vesti-

199 785 278 858 buli
297 812 430 885 parva,
458 784 572 860 oralia
607 784 766 887 figurae,
796 784 844 868 ad
871 767 1086 861 inferiorem
1113 792 1351 867 exteriorem
1362 813 1521 894 partem
1523 801 1612 902 ejus
1638 801 1785 899 perfos-
1793 828 1798 840 ⁸

165 951 166 956 =
199 938 264 1001 sa,
290 913 411 1011 parva
429 909 510 998 basi
537 909 756 981 columellae
782 915 815 999 e)
843 908 1060 1001 obturatur,
1089 905 1194 1014 cujus
1221 918 1452 991 manubrium
1478 918 1525 992 ad
1552 917 1786 1042 superficiem

199 1035 423 1110 anteriorem
458 1057 655 1132 processus
681 1033 780 1105 illius
808 1034 902 1106 ossis
919 1037 1059 1134 petrosi
1078 1061 1210 1112 cavom
1239 1043 1405 1140 tympani
1431 1045 1634 1142 percurrit,
1663 1063 1702 1148 et
1724 1071 1786 1118 ex·

201 1162 386 1234 tremitate
414 1157 715 1254 cartilaginosa’
704 1181 755 1227 ιιι
768 1139 1014 1250 membranae
1041 1161 1206 1259 tympani
1232 1165 1431 1262 superficie
1464 1169 1613 1242 interna
1627 1141 1786 1270 ligatur

204 1291 351 1362 Carum
364 1282 670 1386 tympanipartim
689 1305 848 1371 osseum,
860 1281 1009 1381 partim
1006 1283 1340 1364 membranaceum
1359 1308 1435 1384 est,
1467 1291 1647 1368 formatur
1667 1294 1787 1377 euim,

201 1402 296 1486 dum
314 1409 757 1518 superficieilprocessus.
775 1405 877 1477 ossis.
906 1405 1048 1502 petrosi
1085 1413 1280 1488 anterioris
1307 1399 1541 1513 marginibus
1568 1387 1787 1520 membrana

182 1515 389 1639 iungitur,
417 1536 471 1609 illi
515 1533 629 1606 ranae
666 1531 821 1631 similis,
849 1531 915 1603 sed
952 1550 1116 1608 meatum
1150 1537 1274 1635 potius
1311 1562 1378 1610 seu
1401 1538 1575 1614 tubulum
1604 1520 1800 1620 formenti⁸

202 1669 244 1736 Ιιι
271 1666 345 1737 hoc
371 1660 503 1736 tubulo
529 1654 728 1730 columella
752 1679 871 1752 usque
897 1651 945 1728 ad
962 1681 1004 1729 os
1034 1658 1270 1758 quadratum·
1292 1639 1471 1751 excurrit,
1491 1641 1612 1761 'quod
1639 1689 1789 1739 osseum

180 1815 329 1872 ¹cavum
356 1777 518 1862 conficit.
571 1779 745 1880 Figuram
772 1779 885 1862 habet
909 1781 980 1854 hoo
1006 1806 1049 1856 os
1076 1783 1201 1880 potius
1237 1779 1517 1875 semilunarem,
1545 1787 1784 1884 superficiem
1816 1856 1818 1860 ,

160 1928 164 1936 ’
204 1935 397 1991 externam
427 1930 466 1985 et
501 1910 685 1982 internam
730 1927 933 2001 concavas,
954 1971 958 1974 .
977 1899 1226 2002 superiorem
1248 1935 1450 1988 convexam
1462 1966 1474 2002 ,
1511 1891 1790 1992 extremitatem

165 2067 167 2070 ·
202 2042 429 2141 superiorem
455 2061 539 2110 eum
566 2059 652 2108 osse
677 2029 847 2131 parietali
873 2049 911 2104 et
936 2043 1114 2132 propersu
1141 2035 1237 2110 ossis
1263 2036 1404 2132 petrosi
1442 2040 1704 2137 conjunctam,
1733 2038 1789 2112 in·

200 2170 379 2242 seriorem
408 2158 654 2262 glenoidalem
682 2183 750 2259 pro
770 2155 1030 2229 articulatione
1052 2156 1222 2230 maxillae
1237 2155 1440 2238 inferioris
1480 2161 1704 2260 Superlicies
1726 2190 1789 2236 ex·

202 2308 307 2394 terna
335 2286 419 2362 ab
408 2302 556 2357 interna
582 2306 650 2380 per
676 2281 828 2354 cristam
851 2267 1139 2399 prominentem
1152 2299 1327 2380 separata
1347 2282 1513 2380 margine
1541 2309 1622 2357 auo
1633 2287 1791 2358 externe

177 2381 423 2486 ·semilunari
448 2408 526 2480 ossi
528 2382 720 2509 parietali
746 2429 787 2477 se
812 2406 956 2503 jungit,
972 2409 1020 2504 f)
1049 2432 1171 2505 eoque
1197 2408 1312 2483 modo
1340 2433 1424 2481 oum
1449 2384 1669 2481 membrana
1695 2429 1790 2508 tym-

204 2532 345 2632 paniin
357 2527 494 2604 eodem
512 2529 676 2624 margine
691 2531 843 2599 extensa
864 2551 997 2601 cavum
1016 2530 1209 2627 constituit
1228 2529 1449 2630 oblongum,
1459 2532 1590 2606 foveae
1611 2530 1790 2606 anteriori

203 2650 403 2728 testudinis
428 2649 629 2782 persimile
680 2636 824 2724 Meritus
837 2623 1058 2750 descriptus
1094 2654 1398 2768 membranosns,
1435 2651 1528 2730 dum
1556 2656 1603 2728 ad
1630 2657 1787 2732 inferio·
1856 2709 1859 2714 -

172 2789 176 2796 '
203 2803 285 2852 rem
312 2781 454 2877 partem
481 2753 724 2846 membranae
751 2774 921 2872 tympani
938 2775 1135 2874 inseritur,
1163 2801 1291 2852 cavum
1317 2781 1466 2878 penitus
1494 2781 1656 2870 claudit,-
1683 2783 1786 2880 quod

203 2897 407 3000 columella
426 2922 538 2997 super
558 2899 705 2971 cristam
722 2897 856 2986 intrat,
879 2916 918 2971 et
936 2899 1164 2998 cartilagine
1171 2928 1236 2975 sua
1255 2904 1423 2976 internae
1443 2895 1653 3002 superficiei
1671 2927 1791 2974 mem·
1801 2903 1805 2912 '
1882 2975 1888 2986 „
1957 2945 1961 2956 ·

202 2993 341 3097 branae
369 3015 550 3122 adfigitur.
591 3019 699 3122 Tube
722 3017 915 3100 Eustachii
939 3019 1074 3096 brevis'
1088 3050 1176 3098 eum
1204 3025 1374 3101 saucibus
1402 3017 1788 3100 communicationem

164 3242 171 3250 Χ
208 3138 413 3221 sustentat(
453 3147 596 3218 Nervus
623 3143 767 3228 facialis
793 3144 974 3216 foramine
989 3145 1102 3247 [infra
1127 3146 1333 3225 fenestram
1360 3149 1533 3222 vestibuli
1569 3149 1679 3250 eique
1704 3175 1793 3250 pro·
1840 3249 1843 3252 1

207 3271 321 3344 ximo
337 3295 358 3344 e
387 3268 514 3342 eranio
541 3281 732 3366 egressus,
760 3265 1029 3358 columellam
1018 3294 1058 3339 ιιι
1083 3285 1187 3367 parte
1217 3271 1516 3359 concomitatur,
1541 3290 1580 3344 et
1604 3273 1793 3370 posterius

204 3425 338 3475 cavum
358 3383 524 3498 tympani
551 3395 786 3492 derelinquit
837 3392 997 3464 Piimum
1024 3393 1289 3480 rudimentum
1305 3397 1402 3470 auris
1429 3413 1603 3470 externae
1629 3391 1764 3514 forte
1749 3425 1792 3470 ιιι

204 3525 302 3624 plica
320 3523 383 3600 illa
409 3539 567 3594 eutanea
591 3518 772 3616 suspicari
799 3523 991 3616 possemus
1004 3573 1015 3608 ,
1046 3546 1141 3618 quae
1168 3522 1375 3619 marginem
1400 3503 1666 3619 posteriorem
1676 3547 1789 3592 mem·
1805 3505 1808 3510 ¹

110 3663 116 3670 ’
210 3646 349 3717 branae
378 3643 543 3742 tympani
570 3642 755 3715 conchae
747 3639 927 3713 adinstar
953 3640 1176 3733 circumdat,
1203 3661 1241 3719 et
1264 3643 1381 3745 apud
1394 3642 1669 3771 crocodilum
1658 3669 1791 3719 seeun-

209 3767 313 3840 dum
321 3757 380 3843 Ill
402 3764 537 3888 Cuticr
560 3769 602 3876 g)
629 3766 770 3914 major
779 3781 818 3838 et
843 3763 978 3865 duplex
1003 3781 1071 3839 est
1757 3779 1760 3784 '

210 4241 601 4256 „ammon-..um

236 4509 279 4586 j)
302 4439 377 4555 atti·
387 4500 460 4554 hanc
475 4511 589 4576 partem
607 4499 829 4575 squammosam
847 4497 926 4554 ossis
941 4505 1109 4570 temporum
1125 4501 1248 4560 vocant,
1273 4507 1340 4548 eum
1358 4507 1431 4548 vera
1448 4507 1508 4546 non
1528 4486 1587 4544 ulai
1607 4501 1641 4541 aa
1659 4483 1803 4559 analogia·

249 4609 254 4616 '
313 4603 371 4656 hoc
397 4602 462 4656 fleri
480 4604 596 4676 possit,
617 4601 841 4678 praeferendam
867 4601 969 4657 temni
990 4599 1074 4656 iliam
1092 4581 1374 4654 denominationem.

250 4705 729 4779 8)1i.c.ll.p.l,9l,ct5tt.

1245 4847 1276 4919 c
1371 4865 1374 4874 ,
