4316 5416
177 541 370 640 aliijiqne
392 534 582 634 graviores
616 532 761 632 judicos
775 533 902 631 :dent3
939 556 1025 608 mcc
1049 521 1178 608 allicio
1214 500 1399 629 sedeloci,
1427 478 1540 636 quod
1555 545 1670 634 nervo
1691 423 1757 624 duv-

180 665 268 766 plici
295 687 466 762 organon
493 659 628 734 instrui
652 658 904 768 prodessem..

926 905 987 991 tv,
1076 939 1192 950 ··’

150 1253 154 1264 Ι
243 1253 246 1258 .
282 1131 521 1244 Cottilaginei
547 1145 644 1230 saria
671 1145 814 1222 ratione
831 1145 879 1218 ab
905 1146 1023 1222 osseis
1049 1145 1234 1244 differunt.
1261 1131 1401 1224 carun
1419 1153 1596 1245 restibuli
1617 1158 1656 1228 in
1677 1154 1760 1262 par·
1803 1223 1809 1232 .

143 1363 146 1372 Ι
181 1286 219 1346 te
244 1272 385 1349 laterali
415 1272 532 1346 cranii
560 1269 792 1370 elaboratpm
800 1321 813 1360 ,
840 1269 887 1342 ad
908 1269 1009 1343 latus
1035 1271 1211 1344 cerebelli
1219 1322 1232 1362 ,
1258 1273 1321 1346 hic
1337 1275 1420 1367 -iam
1449 1279 1572 1375 magis
1599 1282 1769 1376 evoluti,
1858 1291 1863 1294 ’

180 1397 328 1480 alveum
356 1416 587 1476 communem
615 1395 782 1476 continet
795 1444 808 1483 ,
844 1394 910 1490 qui
937 1419 1016 1466 non
1041 1394 1196 1491 amplius
1226 1397 1268 1466 in
1286 1419 1390 1472 cato
1420 1404 1538 1476 cranii
1571 1407 1669 1482 situs
1692 1423 1772 1484 est(
1847 1435 1850 1442 ’

106 1591 109 1596 .
174 1521 475 1594 Ὀοιιιιιιιιιιὶιιιιὶο
496 1538 628 1594 tamen
648 1516 798 1589 libera'
787 1535 886 1590 mter
907 1543 951 1590 ea
966 1519 1152 1616 persistit,
1174 1543 1263 1592 cum
1283 1520 1431 1596 interna
1453 1529 1533 1602 cavi
1553 1554 1641 1627 pars
1657 1559 1761 1629 apar-

135 1674 143 1678 ·
173 1661 239 1733 te,
266 1645 371 1718 nullo
396 1647 537 1744 pariete
563 1640 826 1736 cartilaginoso
846 1667 868 1716 e
889 1645 1016 1718 cronio
1042 1661 1238 1742 separetur
1270 1643 1326 1750 m)

282 1767 480 1860 Spatium
469 1783 567 1842 mter
585 1764 780 1844 cerebrum
802 1783 840 1838 et
860 1767 926 1847 has
941 1786 1065 1860 partes
1083 1767 1286 1840 subsertis
1303 1767 1513 1863 gelatinosc
1530 1769 1662 1846 multis
1682 1767 1762 1844 lila-

180 1884 321 1972 mentis
347 1888 720 1986 pertextscxpletur,
738 1887 1009 1978 quaeomnem
1028 1892 1147 1966 cranii
1168 1889 1334 1988 caritatis
1360 1910 1505 1986 partem
1517 1945 1530 1980 ,
1557 1903 1579 1966 'a
1608 1898 1764 1972 cerebro

179 2033 258 2080 non
280 2023 497 2104 occupatam
525 2002 722 2101 complet,
742 2020 781 2076 et
800 1999 911 2112 quarn
933 2009 1037 2080 nervi
1066 2027 1104 2080 et
1123 2035 1209 2116 vasa
1238 2013 1571 2110 transgrediuntur
1624 2019 1764 2092 Alveus

180 2123 387 2204 communis
405 2129 532 2220 forma
551 2151 618 2201 sua
635 2125 797 2200 multum
818 2127 864 2200 ab
896 2129 963 2202 ttlo
988 2155 1183 2206 esseorum
1210 2134 1415 2235 discrepat,
1442 2141 1540 2212 sistit
1558 2141 1662 2216 onim
1684 2169 1765 2216 sao·
1865 2127 1868 2132 ¹

181 2275 269 2344 cum
299 2251 527 2350 oblongum,
556 2249 803 2348 cylindricum
829 2231 951 2325 adhuc
976 2252 1067 2326 sed
1063 2253 1265 2346 latiorem,
1293 2259 1374 2330 lere
1406 2261 1743 2362 quadrangularem
1751 2249 1787 2355 ,'

181 2366 326 2474 angulis
352 2377 504 2480 obtusis
525 2393 580 2448 et
574 2371 945 2472 perpendiculariter
968 2376 1159 2470 positum..
1172 2377 1218 2470 ιι)
1292 2445 1295 2452 ,
1644 2449 1647 2452 ,

282 2501 441 2571 Canales
457 2515 533 2565 tres
555 2493 853 2566 semicirculares
873 2493 1163 2585 membranacei,
1191 2499 1327 2595 singuli
1355 2503 1553 2576 conalibus
1580 2471 1765 2606 cartilagi-
1837 2539 1844 2564 ι
1910 2588 1913 2606 Ι

180 2623 285 2726 areis,
311 2622 374 2694 hic
398 2616 596 2717 perfectis,
633 2614 824 2702 contenti,
862 2613 1175 2712 distinguuntur
1164 2641 1202 2691 ιιι
1233 2623 1485 2715 anteriorem,
1512 2631 1765 2724 posteriorem

181 2768 221 2822 et
244 2742 523 2832 horisontelem
568 2739 762 2813 Antorior
771 2733 1004 2816 extremitate
1030 2739 1211 2835 superiori
1246 2767 1335 2820 cum
1357 2747 1497 2850 angulo
1524 2752 1707 2847 superiori
1727 2764 1766 2830 et

181 2871 361 2946 anteriori
378 2867 472 2943 alvei
488 2865 759 2952 communicat,
785 2875 886 2938 mox
892 2859 938 2928 in
970 2860 1138 2934 canalem
1169 2865 1454 2964 cartilagineum
1484 2867 1674 2966 ingressus
1700 2870 1765 2942 dc·

182 3020 312 3084 orsum
340 3018 382 3066 se
401 2992 539 3080 flectit,
569 2993 609 3063 in
607 2985 837 3086 ampullam
858 2985 1042 3074 inflatur,
1040 3012 1146 3083 qua.,⁴·
1175 2997 1400 3080 conjunctus
1418 3018 1506 3068 cum
1529 3020 1573 3066 ea
1592 2994 1764 3067 horizon·

182 3121 304 3210 talis,
316 3117 451 3214 angulo
478 3095 656 3191 infcriori
665 3111 842 3192 anteriori
863 3113 956 3190 alvei
969 3113 1191 3209 adnectitur
1249 3115 1501 3190 Horiaontulis
1528 3117 1574 3190 ab
1602 3119 1766 3217 ampulla
1825 3199 1827 3207 s

183 3265 249 3318 sua
266 3259 469 3324 retrorsum
488 3240 528 3310 in
548 3237 670 3332 canali
685 3263 757 3341 suo
772 3235 956 3324 decurrit,
983 3230 1021 3308 ιι
1042 3253 1254 3344 antrcrscm
1283 3235 1401 3309 flexus
1428 3259 1540 3335 super
1565 3239 1765 3337 ampullam

181 3363 400 3466 posterioris
418 3363 500 3436 sine
515 3361 589 3441 ulla
608 3358 955 3435 communicatione
971 3327 1092 3434 tendit
1110 3361 1169 3438 ad
1166 3381 1320 3462 partem
1339 3362 1559 3436 inferiorem
1579 3364 1764 3462 posterio-

182 3515 261 3562 rem
279 3488 386 3561 alvei
437 3483 659 3562 Posterioris
685 3485 902 3562 extremitas
926 3489 1096 3601 superior
1121 3515 1167 3562 ex
1188 3488 1342 3563 adverso
1363 3488 1559 3562 anterioris
1587 3479 1633 3559 uls
1650 3513 1766 3584 angu-

182 3616 224 3690 lo
252 3612 433 3716 superiori
459 3610 658 3716 posteriori
684 3607 778 3682 alrei
808 3631 977 3702 egressa,
1012 3592 1190 3684 deorsum
1217 3611 1332 3701 flexa,
1358 3589 1522 3710 ampulla
1549 3633 1692 3707 magna
1719 3609 1765 3682 ad

183 3737 403 3814 inferiorem
422 3735 669 3835 posteriorem
685 3732 864 3830 angulum
875 3734 971 3808 infra
980 3725 1266 3812 horizontalem
1269 3741 1451 3836 pervenit
1480 3736 1674 3810 Canalium
1686 3761 1765 3832 car·

210 3933 259 3938 ..
343 3925 347 3934 ⁵
450 3919 503 3954 a!

186 3955 551 3980 W

226 4055 271 4124 m)
292 4051 344 4107 Sic
365 4051 468 4107 saltem
490 4067 539 4106 rea
559 4027 590 4106 se
610 4049 698 4106 habet
720 4049 750 4104 iu
777 4049 1031 4124 brenebiostogis3
1054 4069 1120 4108 cum
1147 4072 1207 4110 non
1235 4052 1307 4108 milri
1334 4048 1513 4124 contigerit,
1536 4045 1767 4124 chcudroptery-

287 4155 352 4227 gics
368 4156 550 4224 examinare,
566 4149 774 4238 ‘descriptipni
801 4155 857 4213 ccl.
900 4149 1010 4228 Scarpa
1036 4157 1240 4211 contradicere
1260 4173 1321 4210 non
1347 4155 1462 4220 ausim,
1483 4150 1537 4224 'qui
1561 4147 1684 4206 disertis
1701 4169 1766 4205 vcr-

288 4258 356 4327 bis,
380 4275 482 4312 cavom
502 4257 643 4314 vestibuli
665 4260 781 4332 pariete
799 4258 991 4344 cartilaginea
1010 4260 1046 4314 sb
1067 4259 1119 4313 illo
1136 4257 1287 4330 accephali
1306 4261 1471 4340 separatum
1493 4267 1580 4319 esse,
1604 4250 1766 4330 dicit,pral·

290 4369 349 4412 tem
370 4377 427 4432 pro
443 4370 548 4434 parte,
570 4377 636 4414 cum
657 4377 766 4415 nervos
786 4375 842 4434 per
857 4360 980 4434 propris
1005 4359 1082 4416 ostia
1105 4359 1142 4416 ad
1166 4359 1365 4415 vestibulum
1370 4356 1530 4433 pervenire
1555 4355 1672 4411 asserit
1718 4357 1763 4408 De

258 4475 263 4480 ·
288 4434 415 4517 sacculis
435 4453 606 4550 lapillorum
632 4461 735 4540 eadem
753 4462 921 4520 differentia
938 4465 974 4520 ab
999 4483 1034 4520 so
1057 4467 1257 4564 memoratur,
1280 4464 1361 4539 quod
1382 4461 1571 4538 euticipsndo
1598 4457 1765 4527 adnotabo,

244 4581 250 4597 ¹
288 4566 340 4640 qui
363 4545 524 4621 secundum
546 4583 613 4623 eum
636 4582 730 4639 acque
751 4567 865 4642 pariata
887 4568 1077 4643 cartilaginea
1093 4587 1109 4624 a
1126 4567 1217 4622 cranii
1237 4567 1363 4625 cavitate
1379 4565 1500 4642 penitus
1521 4565 1666 4640 segregati
1686 4576 1765 4623 scut.

171 4716 174 4726 ,
290 4669 363 4744 Cap.
387 4666 444 4725 tlt.
466 4659 496 4749 ᾗ
520 4667 576 4728 111.
599 4669 711 4744 quod
702 4687 733 4724 ιιι
760 4670 997 4746 branchiostegis
1023 4687 1174 4747 uunquam
1195 4667 1269 4727 vidi

226 4767 355 4848 11).st
380 4771 421 4833 11.
463 4773 528 4850 mg.
551 4775 576 4833 Ι.
606 4795 631 4838 ιι.
