4316 5416
858 497 1038 618 Oua„
1103 563 1139 606 ·,

293 787 345 856 ἰιι
371 775 542 856 omnibus
561 771 727 874 piscibus
754 789 882 845 cavum
906 768 1066 876 auditus.
1080 793 1163 842 cum
1188 793 1235 842 eo
1262 769 1456 869 accephali
1476 769 1594 845 libera
1622 793 1785 856 commu·

202 876 328 995 nicet,
353 902 456 977 sed
445 926 485 972 m
512 897 630 996 osseis
657 895 786 968 stricto
813 893 997 992 insensu
1018 917 1129 965 uuam
1157 894 1406 993 eandemque
1421 895 1616 966 cavitatem
1643 884 1785 968 conati

202 1027 284 1101 tuit
338 1026 398 1098 Ad
422 1026 517 1096 latus
543 1045 676 1132 nempe
712 1035 903 1090 externum
931 984 1085 1114 ganglii
1103 1019 1222 1108 tertii,
1259 1019 1447 1094 cerebello
1483 1020 1631 1117 analoga
1636 1073 1652 1109 ,
1690 1023 1783 1093 situs

178 1165 266 1250 gest
285 1146 416 1242 ,alveus
443 1143 647 1216 communis
683 1138 866 1242 canalium
893 1139 1242 1232 semicircularium,
1269 1145 1333 1242 qui
1360 1141 1480 1216 forma
1507 1143 1711 1242 cylindrica
1739 1145 1785 1216 ab

207 1269 384 1344 anteriori
408 1268 593 1370 posterius
619 1264 725 1362 petit.
778 1261 936 1333 Canales
973 1278 1048 1332 tres
1075 1261 1280 1356 habentur,
1307 1269 1511 1365 superior,
1522 1267 1786 1356 horizontalis,

206 1418 275 1466 seu
294 1392 464 1496 exterior,
484 1409 523 1468 et
536 1388 722 1489 ppsterior
727 1411 741 1480 5
761 1384 930 1482 superior
955 1383 1389 1476 extremitateauteriori
1405 1367 1445 1463 ιιι
1463 1389 1657 1485 ampullam
1685 1389 1790 1464 infla·

204 1533 369 1591 tuscum
395 1512 553 1611 ampulla
579 1507 1071 1605 horizontaliscoujunatus
1093 1535 1188 1594 unm
1201 1513 1298 1585 ostio
1325 1513 1548 1586 anteriorem
1576 1513 1797 1608 extremitas

200 1655 277 1711 tem
303 1634 651 1732 alvei'ingreditur,
677 1650 768 1704 tunc
793 1631 960 1728 superius
988 1648 1026 1743 et
1048 1634 1235 1726 posterius
1262 1659 1372 1732 supra
1396 1635 1540 1708 'alveum
1567 1634 1788 1712 tendentia
1844 1717 1847 1726 ¹

204 1761 326 1858 hujus¹
344 1758 611 1863 ertremitatern
637 1754 882 1850 posteriorem
909 1775 949 1819 se
977 1749 1135 1820 confert.

309 1881 430 1984 Prope
457 1877 531 1948 hoc
558 1875 767 1946 extremitas
796 1870 965 1966 superior
991 1867 1128 1941 canalis
1147 1872 1365 1966 posterioria
1394 1875 1440 1947 ab
1467 1877 1572 1950 alveo
1598 1881 1788 1978 posterius
1837 1893 1841 1900 '
1945 1867 1950 1880 ¹

207 2017 246 2073 st
272 1999 472 2096 quidquam
490 1998 659 2096 superius
676 1997 717 2066 in
735 1993 902 2067 canalem
930 1995 1085 2092 osseum*
1104 1993 1294 2092 ascendit,
1323 1997 1363 2066 in
1390 2025 1437 2070 eo
1464 2002 1686 2076 semiorbem
1698 2017 1811 2103 perf·
1857 2061 1860 2068 ,

205 2123 321 2196 currit
348 2120 650 2210 descendendo„
667 2129 705 2192 et
729 2116 886 2188 inferius
913 2114 952 2183 iu
979 2113 1173 2212 ampullam
1210 2134 1383 2218 extensus
1403 2122 1458 2195 'ad
1484 2123 1628 2199 alveum
1654 2153 1784 2226 parva.

205 2251 272 2322 nit.
325 2249 575 2320 Horiaontalis
608 2245 771 2342 denique
799 2240 845 2311 ab
873 2237 1032 2336 ampulla
1057 2239 1130 2340 jam
1157 2221 1538 2338 descripta'erteri'us
1569 2274 1610 2320 sc
1630 2263 1787 2350 vertens

207 2373 319 2444 ctiam
347 2353 512 2459 canalem
538 2359 686 2441 osseum
711 2361 935 2463 ingreditur,
969 2362 1039 2433 sub
1071 2363 1319 2459 praecedente
1347 2392 1474 2441 cavum
1512 2372 1629 2440 cranii
1655 2374 1789 2444 iterum
1882 2405 1886 2423 f

205 2498 340 2580 intrat,
367 2511 405 2561 ea
431 2492 528 2559 iuter
553 2491 660 2572 hujus
686 2489 760 2559 duo
789 2485 883 2560 ostia
910 2509 993 2592 cum
1018 2483 1142 2566 alveo,
1160 2489 1419 2566 communicat.
1475 2489 1520 2564 Iu
1547 2492 1788 2582 esoce31ucio
1901 2521 1905 2528 ·
1975 2491 1977 2506 '

209 2613 339 2688 adhue
379 2637 496 2710 prope
531 2609 727 2712 ampullam
754 2611 892 2683 canalis
921 2611 1141 2708 posterioris
1165 2614 1349 2716 appendia
1376 2615 1481 2689 adest
1507 2615 1789 2690 membranacea

200 2718 359 2828 ¹conica,
386 2738 434 2844 ad
460 2736 602 2810 alveum
627 2755 772 2834 aperta,
800 2738 908 2838 apios
932 2737 1067 2809 obtuso
1104 2761 1221 2811 coeco
1249 2736 1301 2810 ad
1327 2738 1547 2812 medullae
1536 2742 1682 2826 mitium
1705 2741 1790 2818 des·
1837 2803 1840 2812 .

205 2865 408 2963 candens,
446 2862 575 2974 ibique
603 2860 721 2939 libere
758 2864 946 2960 pendens5
984 2864 1161 2966 ramulum
1198 2888 1373 2934 newsum
1400 2889 1421 2934 a
1448 2863 1608 2936 medulla
1641 2867 1789 2962 accipit.
1866 2925 1868 2932 .

207 2992 366 3093 Scarpa,
394 2987 460 3084 qui
487 3009 566 3058 eam
586 2985 725 3084 primus
753 2965 973 3082 descripsit,
1000 2987 1100 3058 asoci
1118 2961 1218 3058 lucio
1246 2985 1317 3058 soli
1344 3011 1423 3059 eam
1445 2985 1595 3084 tribuit,
1623 3013 1693 3060 nec
1715 3012 1791 3084 ego

207 3119 250 3187 in
276 3117 349 3186 alio
383 3115 486 3212 pisce
513 3111 705 3184 similem
694 3110 830 3182 inveni
884 3108 1078 3192 Canales
1067 3109 1129 3178 rati
1156 3109 1256 3178 ossei
1278 3110 1429 3206 proprie
1462 3110 1555 3183 sulci
1585 3128 1690 3198 sunt,
1716 3112 1786 3208 qui

209 3261 294 3310 osse
316 3233 487 3334 parietali
511 3234 601 3306 tecti
624 3235 665 3308 in
690 3207 870 3320 canalium
891 3231 1040 3304 modum
1066 3229 1299 3336 clauduntur.
1326 3231 1434 3302 'infra
1454 3232 1596 3303 alveum
1620 3229 1783 3322 commu·
1866 3231 1869 3239 ’

211 3384 304 3451 nem¹
324 3360 425 3456 juxta
443 3357 590 3430 initium
601 3356 891 3448 ,feramedullae
915 3356 1067 3456 spinalis
1086 3357 1230 3454 positus
1253 3374 1310 3429 est
1335 3331 1669 3452 sacculuslapillos
1693 3329 1787 3446 duos

211 3483 493 3588 contipensd),
527 3484 682 3558 alterum
703 3485 882 3583 ,majorem
909 3482 942 3579 i)
989 3484 1213 3580 oblongum,
1250 3482 1415 3554 anterius
1450 3480 1673 3569 acutiorem,
1700 3505 1788 3577 pos·

208 3585 325 3708 terius
354 3591 549 3692 obtusum,
585 3607 780 3704 superficie
810 3635 973 3683 convexa
1013 3603 1234 3694 medullam,
1272 3629 1431 3677 concava
1460 3603 1578 3672 uranii
1610 3605 1789 3700 parietem

182 3779 188 3802 ι
211 3705 399 3808 lateralem
423 3730 706 3828 respicientem,
732 3731 771 3803 in
794 3732 860 3822 illa
885 3734 989 3806 nervi
1014 3727 1170 3836 atuatici
1202 3752 1323 3824 ramos
1343 3727 1587 3824 excipientem
1595 3754 1608 3818 5
1636 3726 1790 3798 alterum

212 3855 252 3952 k)
295 3856 477 3940 minorem
514 3854 733 3926 extremitati
778 3856 912 3953 prioris
953 3849 1111 3956 obtusae
1144 3854 1330 3926 «adnexum
1342 3904 1354 3939 ,
1405 3851 1647 3950 semilunaris
1673 3852 1790 3948 magis

215 3975 375 4092 figurae,
413 3998 451 4056 et
471 3978 638 4086 ¹sulculis
668 3983 907 4074 instructum,
943 3983 1079 4080 quibus
1111 3979 1217 4081 nervi
1250 3974 1399 4048 alterius
1426 3963 1586 4053 ramulos
1620 3974 1788 4086 suscipit.
1818 4068 1828 4075 ἐ

221 4323 225 4340 ¹
258 4335 293 4416 h)
306 4341 439 4396 ¹lletlneo
462 4297 569 4392 noman
592 4332 784 4406 lapillorum,
805 4348 880 4407 quos
898 4330 1005 4406 Scarpa
1025 4347 1088 4405 cap.
1112 4325 1167 4386 111.
1190 4281 1299 4410 §.llll
1322 4341 1424 4382 osseos
1443 4317 1535 4401 magia
1549 4324 1632 4391 vult,
1655 4319 1708 4377 aad
1723 4319 1788 4374 aub-

222 4448 228 4461 ”·
316 4445 438 4500 stantiae
461 4451 531 4497 aunt
552 4439 647 4492 multo
669 4435 821 4506 durioris,
843 4441 924 4494 vitro
947 4435 1074 4502 similla,
1097 4432 1229 4499 coloris,
1254 4431 1279 4486 sl
1302 4441 1459 4500 recantes,
1481 4445 1515 4486 ex
1537 4423 1674 4486 cassulae
1693 4423 1789 4479 'albas-

318 4548 433 4614 cantia,
456 4557 486 4602 et
509 4543 745 4654 semipallucidl5
768 4545 892 4616 siccati,
914 4543 1012 4602 miuus
1016 4535 1193 4652 pellucidi,
1216 4536 1274 4592 albi
1297 4531 1438 4592 evadunt.
1579 4530 1581 4534 ’

104 4723 105 4726 Ν
257 4656 389 4727 amb
402 4654 458 4711 ιιι
481 4652 546 4726 mg
568 4650 651 4710 ι..ι

176 4749 178 4754 ’
255 4755 287 4837 k)
310 4762 434 4821 thidum
476 4762 549 4820 ιι.
